3725 5542
1043 724 1108 783 546

568 945 663 1008 qnam
692 923 754 987 luit
782 923 815 985 in
845 921 969 999 inferis,
1001 922 1171 986 seeundum
1195 920 1427 987 Corinthiorum
1450 922 1569 999 mam,

566 1049 603 1105 ut
624 1040 760 1104 indicare
783 1039 905 1104 videtur
927 1039 1113 1116 Pausanias,
1139 1038 1176 1102 L.
1201 1038 1294 1103 110.
1319 1038 1348 1097 V
1374 1042 1411 1116 l,
1429 1037 1569 1126 ejusmodi

567 1179 690 1221 oausam
720 1158 845 1234 habuit,
877 1180 957 1241 quae
979 1179 1041 1222 non
1065 1180 1134 1221 oum
1159 1156 1328 1242 ignominis
1350 1158 1406 1221 sed
1428 1180 1497 1221 oum
1519 1156 1571 1219 Co·

566 1276 753 1340 rinthiorum
783 1274 919 1339 utilitate
949 1277 1115 1359 eonjuuets
1137 1285 1234 1339 esset:
1258 1298 1328 1341 nam
1352 1284 1443 1361 rapta
1465 1273 1570 1339 aJore

566 1396 686 1478 Aegina
717 1396 813 1479 Asopi
843 1394 924 1470 filia,
949 1393 1131 1478 Sisyphum,
1156 1414 1251 1478 quum
1276 1394 1307 1457 id
1330 1394 1439 1470 sciret,
1464 1393 1571 1477 sperire

567 1514 672 1596 Asopo
695 1513 848 1590 noluisse,
873 1513 934 1575 nisi
956 1510 1015 1576 sihi
1039 1511 1126 1577 dsret
1149 1534 1260 1596 murm
1282 1512 1315 1576 in
1338 1511 1571 1576 Acrocorintho:

565 1629 673 1694 datum
696 1652 762 1693 esse
784 1629 823 1693 ob
847 1630 952 1713 Asopo
975 1628 1107 1705 fontem,
1125 1636 1157 1692 at
1172 1628 1278 1693 iudicii
1294 1650 1408 1714 poenas
1423 1629 1457 1693 in
1473 1628 1569 1692 inieris

565 1746 638 1810 dare
659 1745 836 1830 Sisyphum.
882 1746 985 1830 [gitur
1007 1752 1063 1809 aut
1085 1746 1263 1831 hujusmodi
1286 1746 1520 1811 landehiliorem
1538 1744 1571 1807 de

564 1863 697 1950 Sisypho
716 1864 799 1950 apud
815 1863 993 1929 Corinthios
1009 1866 1122 1929 samam
1138 1865 1177 1929 ob
1194 1873 1327 1930 mentem
1343 1864 1440 1928 Poeta
1456 1864 1572 1939 hshuit,

566 1992 621 2047 aut
651 1982 756 2065 aliquo
778 1982 871 2046 modo
894 1982 1046 2047 deteriora
1068 1982 1187 2046 silendo
1211 1983 1373 2068 oppressit
1421 1980 1512 2045 Certe
1533 2001 1576 2042 so

563 2101 685 2165 lertiam
717 2101 783 2184 ejus
812 2106 844 2163 et
874 2100 1057 2185 sapientiam
1087 2100 1199 2164 evehit
1245 2098 1288 2163 Iit
1318 2100 1491 2164 evehuntur
1516 2100 1575 2183 ejus

563 2218 715 2303 sapientis
737 2224 769 2280 et
790 2216 1008 2296 πολυφροσύναι
1031 2239 1049 2280 a
1071 2214 1270 2301 Theognide,
1297 2217 1361 2279 522
1385 2238 1470 2301 seqq.

610 2338 662 2401 78.
698 2334 878 2399 mtrem
909 2332 1070 2411 παλάμαις
1101 2336 1137 2405 ὥς
1160 2336 1229 2399 θεόν.
1265 2332 1384 2397 Similis
1406 2332 1445 2397 de
1468 2332 1574 2417 Ulyse

563 2452 700 2537 epitheta
722 2449 815 2516 modo
838 2472 876 2514 ex
898 2450 1034 2514 Homero
1058 2451 1254 2535 protulimus.

609 2572 662 2635 14.
697 2570 809 2647 πατρὸς
830 2570 928 2633 ἀντία.
965 2566 1055 2631 Cous.
1079 2566 1129 2632 Ol.
1154 2566 1248 2632 159.

610 2690 662 2755 75.
696 2688 840 2763 Μήδειαν.
875 2686 914 2751 Iu
931 2687 989 2751 hae
1005 2708 1129 2772 quoque
1146 2686 1298 2752 Pindarus
1313 2685 1465 2750 deteriora
1479 2685 1573 2750 siluit.

562 2805 605 2870 Et
626 2814 707 2870 certe
729 2805 839 2869 laudat
860 2804 946 2868 iilam
969 2810 1131 2889 propterea
1153 2803 1237 2887 quod
1261 2805 1456 2888 fflgonsutas
1479 2826 1574 2868 serra

561 2926 649 2990 serit.
683 2923 745 2988 Sed
768 2923 923 3008 quomodo
942 2922 1027 2986 illius
1042 2922 1110 2985 laus
1125 2922 1164 2986 ad
1180 2921 1363 2986 Corinthum
1381 2922 1573 3006 potissimum

562 3041 763 3128 pertinuerit,
787 3042 876 3125 eujus
899 3041 966 3123 regi
989 3040 1131 3123 regisque
1153 3039 1235 3103 filiae
1257 3038 1376 3102 cladem
1398 3038 1526 3114 intulit,
1547 3049 1573 3101 et

562 3159 625 3222 fuit
646 3159 692 3222 ibi
714 3158 840 3222 omnino
863 3159 929 3241 ejus
952 3156 1094 3220 immanis
1118 3156 1285 3221 atroeitee?
1309 3156 1461 3240 Argutius
1484 3155 1573 3219 fuerit

560 3277 752 3352 existimare,
775 3275 897 3359 eulpam
919 3296 985 3338 eam
1010 3296 1029 3336 s
1050 3273 1146 3337 Poeta
1167 3275 1199 3337 in
1223 3272 1369 3337 Jasonem
1391 3294 1458 3337 esse
1480 3280 1576 3336 tuus

560 3392 703 3457 dueum:
734 3392 860 3456 omnino
890 3390 1108 3475 opprimuntur
1129 3389 1205 3454 haee
1228 3389 1369 3455 silentio:
1393 3388 1448 3452 sed
1473 3398 1574 3454 tamen

560 3510 665 3594 aliqua
693 3530 788 3573 eausa
809 3530 875 3572 esse
897 3506 1022 3585 debuit,
1046 3529 1101 3571 our
1123 3507 1251 3586 Medea,
1274 3508 1420 3571 serrstrix
1444 3507 1576 3573 Graeco

559 3648 629 3691 rum
649 3626 840 3712 juventutis,
863 3626 896 3688 in
919 3624 1152 3689 Corinthiorum
1173 3632 1307 3709 ponetur
1326 3624 1434 3708 gloria
1458 3623 1575 3688 Verum

560 3752 609 3808 est
638 3743 723 3828 apud
754 3742 937 3807 Pausaniam
969 3742 1007 3806 L.
1031 3742 1125 3807 110.
1149 3740 1203 3806 ΠΙ
1227 3744 1247 3806 8
1271 3764 1307 3806 er
1331 3741 1462 3806 Eumelo
1485 3750 1577 3826 ports

560 3859 722 3936 memorio,
746 3868 778 3923 et
800 3859 906 3923 eadem
928 3860 961 3923 in
986 3858 1102 3923 soholio
1125 3867 1244 3924 vetere:
1269 3866 1316 3923 est
1330 3880 1366 3923 ea
1381 3858 1577 3943 hujumodi:

562 3976 646 4041 Helii
678 3985 710 4040 et
737 3977 886 4060 Antiopes
909 3977 1005 4041 fuisse
1028 3976 1108 4040 filios
1131 3979 1248 4041 Aeeten
1272 3985 1304 4041 et
1327 3976 1477 4041 Alosum:
1500 3975 1578 4039 diri·

561 4096 637 4158 sisse
653 4092 782 4159 Helium
796 4095 966 4178 regionem,
983 4103 1015 4160 et
1031 4094 1151 4159 dedisse
1166 4102 1284 4179 portem
1301 4094 1445 4179 Asopism
1462 4090 1579 4168 hloeo,

560 4210 752 4297 Ephyraeam
776 4216 909 4277 Aeetae:
933 4210 1017 4276 huno
1039 4233 1111 4275 vero
1136 4218 1261 4296 propter
1282 4210 1441 4275 omnnium
1464 4210 1578 4275 obiisse

559 4330 593 4394 in
616 4329 810 4406 Colchidem,
834 4337 865 4392 et
888 4328 1052 4393 tradidisse
1075 4340 1193 4413 partem
1213 4349 1300 4392 suam
1319 4326 1411 4393 Buno
1427 4326 1578 4391 Mercurii

559 4446 624 4511 hlio
647 4446 843 4520 servandam,
867 4446 964 4509 donee
987 4445 1035 4510 sel
1054 4446 1121 4531 ipse
1137 4446 1184 4509 sel
1201 4446 1312 4529 uliquis
1329 4444 1426 4508 esuis
1443 4446 1577 4529 posteris
1650 4430 1651 4435 ἵ
