<?xml version="1.0" encoding="UTF-8"?>
<!DOCTYPE html PUBLIC "-//W3C//DTD XHTML 1.0 Transitional//EN"
    "http://www.w3.org/TR/xhtml1/DTD/xhtml1-transitional.dtd">
<html xmlns="http://www.w3.org/1999/xhtml" xml:lang="en" lang="en">
 <head>
  <title>
</title>
<meta http-equiv="Content-Type" content="text/html;charset=utf-8" />
  <meta name='ocr-system' content='tesseract 3.04.00' />
  <meta name='ocr-capabilities' content='ocr_page ocr_carea ocr_par ocr_line ocrx_word'/>
</head>
<body>
  <div class='ocr_page' id='page_1' title='image "./pindaricarminao01pindgoog_0295.png"; bbox 0 0 3725 5542; ppageno 0'>
   <div class='ocr_carea' id='block_1_1' title="bbox 839 705 903 766">
    <p class='ocr_par' dir='ltr' id='par_1_1' title="bbox 839 705 903 766">
     <span class='ocr_line' id='line_1_1' title="bbox 839 705 903 766; baseline 0.031 -2"><span class='ocrx_word' id='word_1_1' title='bbox 839 705 903 766; x_wconf 76' lang='lat'><strong>281</strong></span> 
     </span>
    </p>
   </div>
   <div class='ocr_carea' id='block_1_2' title="bbox 366 902 1391 4422">
    <p class='ocr_par' dir='ltr' id='par_1_2' title="bbox 368 902 1386 1095">
     <span class='ocr_line' id='line_1_2' title="bbox 368 902 1386 989; baseline -0.008 -14"><span class='ocrx_word' id='word_1_2' title='bbox 368 912 495 989; x_wconf 85' lang='lat' dir='ltr'><strong>thanes,</strong></span> <span class='ocrx_word' id='word_1_3' title='bbox 534 918 570 974; x_wconf 89' lang='lat' dir='ltr'><strong>nt</strong></span> <span class='ocrx_word' id='word_1_4' title='bbox 607 914 761 971; x_wconf 76' lang='lat' dir='ltr'><strong>testantur</strong></span> <span class='ocrx_word' id='word_1_5' title='bbox 798 904 1006 982; x_wconf 86' lang='lat' dir='ltr'><strong>Scholiastae,</strong></span> <span class='ocrx_word' id='word_1_6' title='bbox 1042 902 1095 966; x_wconf 88' lang='lat' dir='ltr'><strong>sed</strong></span> <span class='ocrx_word' id='word_1_7' title='bbox 1131 904 1163 967; x_wconf 91' lang='lat' dir='ltr'><strong>in</strong></span> <span class='ocrx_word' id='word_1_8' title='bbox 1195 902 1386 987; x_wconf 90' lang='lat' dir='ltr'><strong>reliquorum</strong></span> 
     </span>
     <span class='ocr_line' id='line_1_3' title="bbox 368 1025 988 1095; baseline -0.01 -2"><span class='ocrx_word' id='word_1_9' title='bbox 368 1028 551 1095; x_wconf 90' lang='lat' dir='ltr'><strong>nominibus</strong></span> <span class='ocrx_word' id='word_1_10' title='bbox 575 1027 668 1091; x_wconf 88' lang='lat' dir='ltr'><strong>iidem</strong></span> <span class='ocrx_word' id='word_1_11' title='bbox 692 1048 754 1090; x_wconf 89' lang='lat' dir='ltr'><strong>non</strong></span> <span class='ocrx_word' id='word_1_12' title='bbox 779 1025 988 1090; x_wconf 88' lang='lat' dir='ltr'><strong>consentiunt.</strong></span> 
     </span>
    </p>

    <p class='ocr_par' dir='ltr' id='par_1_3' title="bbox 368 1136 1391 1818">
     <span class='ocr_line' id='line_1_4' title="bbox 417 1136 1388 1225; baseline -0.009 -16"><span class='ocrx_word' id='word_1_13' title='bbox 417 1147 490 1209; x_wconf 81' lang='grc'><strong>146.</strong></span> <span class='ocrx_word' id='word_1_14' title='bbox 527 1146 740 1221; x_wconf 75' lang='grc' dir='ltr'><strong><em>αἱμακουρίαις.</em></strong></span> <span class='ocrx_word' id='word_1_15' title='bbox 773 1141 942 1225; x_wconf 81' lang='lat' dir='ltr'>Gregorius</span> <span class='ocrx_word' id='word_1_16' title='bbox 967 1138 1147 1204; x_wconf 83' lang='lat' dir='ltr'><strong>Corinthius</strong></span> <span class='ocrx_word' id='word_1_17' title='bbox 1168 1138 1207 1203; x_wconf 87' lang='lat' dir='ltr'><strong>de</strong></span> <span class='ocrx_word' id='word_1_18' title='bbox 1222 1136 1295 1201; x_wconf 88' lang='lat' dir='ltr'><strong>dial.</strong></span> <span class='ocrx_word' id='word_1_19' title='bbox 1314 1136 1388 1200; x_wconf 90' lang='lat' dir='ltr'><strong>Dor.</strong></span> 
     </span>
     <span class='ocr_line' id='line_1_5' title="bbox 370 1257 1390 1348; baseline -0.005 -23"><span class='ocrx_word' id='word_1_20' title='bbox 370 1267 410 1329; x_wconf 77' lang='lat'><strong>‘27</strong></span> <span class='ocrx_word' id='word_1_21' title='bbox 448 1262 582 1348; x_wconf 83' lang='lat' dir='ltr'><strong>explicat</strong></span> <span class='ocrx_word' id='word_1_22' title='bbox 615 1262 657 1327; x_wconf 76' lang='grc' dir='ltr'><strong>τὰ</strong></span> <span class='ocrx_word' id='word_1_23' title='bbox 691 1267 747 1325; x_wconf 82' lang='grc' dir='ltr'><strong>τῶν</strong></span> <span class='ocrx_word' id='word_1_24' title='bbox 781 1266 881 1341; x_wconf 80' lang='grc' dir='ltr'><strong><em>νεκρῶν</em></strong></span> <span class='ocrx_word' id='word_1_25' title='bbox 916 1259 1110 1336; x_wconf 67' lang='grc' dir='ltr'><strong>ἐναγίσματα</strong></span> <span class='ocrx_word' id='word_1_26' title='bbox 1141 1265 1174 1321; x_wconf 88' lang='lat' dir='ltr'><strong>ct</strong></span> <span class='ocrx_word' id='word_1_27' title='bbox 1205 1257 1390 1320; x_wconf 85' lang='lat' dir='ltr'><strong>vocabulum</strong></span> 
     </span>
     <span class='ocr_line' id='line_1_6' title="bbox 371 1374 1391 1445; baseline -0.009 0"><span class='ocrx_word' id='word_1_28' title='bbox 371 1382 501 1445; x_wconf 75' lang='lat' dir='ltr'>Doricae</span> <span class='ocrx_word' id='word_1_29' title='bbox 536 1379 666 1444; x_wconf 88' lang='lat' dir='ltr'><strong>dialecto</strong></span> <span class='ocrx_word' id='word_1_30' title='bbox 701 1376 856 1442; x_wconf 88' lang='lat' dir='ltr'><strong>vindicat:</strong></span> <span class='ocrx_word' id='word_1_31' title='bbox 893 1376 1075 1441; x_wconf 88' lang='lat' dir='ltr'><strong>Boeotieum</strong></span> <span class='ocrx_word' id='word_1_32' title='bbox 1110 1376 1205 1439; x_wconf 84' lang='lat' dir='ltr'><strong>fuisse</strong></span> <span class='ocrx_word' id='word_1_33' title='bbox 1238 1374 1391 1438; x_wconf 87' lang='lat' dir='ltr'><strong>affirmant</strong></span> 
     </span>
     <span class='ocr_line' id='line_1_7' title="bbox 370 1492 1389 1574; baseline -0.005 -12"><span class='ocrx_word' id='word_1_34' title='bbox 370 1498 578 1574; x_wconf 71' lang='lat' dir='ltr'><strong>scholiastae,</strong></span> <span class='ocrx_word' id='word_1_35' title='bbox 611 1504 641 1560; x_wconf 86' lang='lat' dir='ltr'><strong>et</strong></span> <span class='ocrx_word' id='word_1_36' title='bbox 673 1495 813 1560; x_wconf 82' lang='lat' dir='ltr'><strong>derivant</strong></span> <span class='ocrx_word' id='word_1_37' title='bbox 843 1496 904 1560; x_wconf 80' lang='grc' dir='ltr'><strong>οὶπὸ</strong></span> <span class='ocrx_word' id='word_1_38' title='bbox 926 1501 979 1559; x_wconf 82' lang='grc' dir='ltr'><strong>τοῦ</strong></span> <span class='ocrx_word' id='word_1_39' title='bbox 1001 1494 1178 1574; x_wconf 77' lang='grc' dir='ltr'><strong><em>ιιορὲιννσθαι</em></strong></span> <span class='ocrx_word' id='word_1_40' title='bbox 1201 1494 1258 1564; x_wconf 78' lang='grc' dir='ltr'><strong>τοὶς</strong></span> <span class='ocrx_word' id='word_1_41' title='bbox 1281 1492 1389 1572; x_wconf 76' lang='grc' dir='ltr'><strong><em>ψυχὰς</em></strong></span> 
     </span>
     <span class='ocr_line' id='line_1_8' title="bbox 369 1613 1390 1694; baseline -0.006 -13"><span class='ocrx_word' id='word_1_42' title='bbox 369 1614 506 1694; x_wconf 77' lang='grc' dir='ltr'><strong><em>αἵματος.</em></strong></span> <span class='ocrx_word' id='word_1_43' title='bbox 554 1614 684 1680; x_wconf 78' lang='lat' dir='ltr'><strong>Piebant</strong></span> <span class='ocrx_word' id='word_1_44' title='bbox 716 1615 808 1679; x_wconf 87' lang='lat' dir='ltr'><strong>etiam</strong></span> <span class='ocrx_word' id='word_1_45' title='bbox 839 1622 940 1679; x_wconf 84' lang='lat' dir='ltr'><strong>aetate</strong></span> <span class='ocrx_word' id='word_1_46' title='bbox 971 1613 1141 1677; x_wconf 74' lang='lat' dir='ltr'><strong>Pausaniae</strong></span> <span class='ocrx_word' id='word_1_47' title='bbox 1172 1635 1258 1677; x_wconf 86' lang='lat' dir='ltr'><strong>sacra</strong></span> <span class='ocrx_word' id='word_1_48' title='bbox 1286 1635 1390 1676; x_wconf 90' lang='lat' dir='ltr'><strong>annua</strong></span> 
     </span>
     <span class='ocr_line' id='line_1_9' title="bbox 368 1729 1387 1818; baseline -0.006 -18"><span class='ocrx_word' id='word_1_49' title='bbox 368 1735 495 1818; x_wconf 83' lang='lat' dir='ltr'><strong>Pelopi,</strong></span> <span class='ocrx_word' id='word_1_50' title='bbox 520 1732 730 1799; x_wconf 77' lang='lat' dir='ltr'><strong>immolatione</strong></span> <span class='ocrx_word' id='word_1_51' title='bbox 751 1733 832 1817; x_wconf 84' lang='lat' dir='ltr'><strong>nigri</strong></span> <span class='ocrx_word' id='word_1_52' title='bbox 853 1733 970 1797; x_wconf 86' lang='lat' dir='ltr'><strong>arietis:</strong></span> <span class='ocrx_word' id='word_1_53' title='bbox 995 1731 1087 1795; x_wconf 88' lang='lat' dir='ltr'><strong>Paus.</strong></span> <span class='ocrx_word' id='word_1_54' title='bbox 1103 1729 1140 1795; x_wconf 91' lang='lat' dir='ltr'><strong>L.</strong></span> <span class='ocrx_word' id='word_1_55' title='bbox 1157 1730 1187 1791; x_wconf 79' lang='lat' dir='ltr'><strong>V</strong></span> <span class='ocrx_word' id='word_1_56' title='bbox 1204 1730 1239 1795; x_wconf 84' lang='lat' dir='ltr'><strong>C.</strong></span> <span class='ocrx_word' id='word_1_57' title='bbox 1256 1730 1340 1794; x_wconf 87' lang='lat' dir='ltr'>XIII</span> <span class='ocrx_word' id='word_1_58' title='bbox 1357 1732 1387 1794; x_wconf 77' lang='lat'><strong>2.</strong></span> 
     </span>
    </p>

    <p class='ocr_par' dir='ltr' id='par_1_4' title="bbox 419 1848 1244 1931">
     <span class='ocr_line' id='line_1_10' title="bbox 419 1848 1244 1931; baseline -0.004 -14"><span class='ocrx_word' id='word_1_59' title='bbox 419 1856 493 1919; x_wconf 88' lang='grc'><strong>147.</strong></span> <span class='ocrx_word' id='word_1_60' title='bbox 528 1854 688 1931; x_wconf 77' lang='grc' dir='ltr'><strong><em>οὶνλααῖοι.</em></strong></span> <span class='ocrx_word' id='word_1_61' title='bbox 725 1848 816 1915; x_wconf 87' lang='lat' dir='ltr'><strong>Nem.</strong></span> <span class='ocrx_word' id='word_1_62' title='bbox 842 1848 889 1912; x_wconf 83' lang='lat' dir='ltr'><strong>IV</strong></span> <span class='ocrx_word' id='word_1_63' title='bbox 912 1853 954 1914; x_wconf 82' lang='lat'><strong>33</strong></span> <span class='ocrx_word' id='word_1_64' title='bbox 978 1849 1097 1927; x_wconf 69' lang='grc' dir='ltr'><strong><em>ἀγλαὸν</em></strong></span> <span class='ocrx_word' id='word_1_65' title='bbox 1119 1849 1244 1928; x_wconf 77' lang='grc' dir='ltr'><em>τύμβον.</em></span> 
     </span>
    </p>

    <p class='ocr_par' dir='ltr' id='par_1_5' title="bbox 367 1966 1389 2407">
     <span class='ocr_line' id='line_1_11' title="bbox 416 1966 1389 2049; baseline -0.002 -16"><span class='ocrx_word' id='word_1_66' title='bbox 416 1973 490 2035; x_wconf 86' lang='grc'><strong>147.</strong></span> <span class='ocrx_word' id='word_1_67' title='bbox 529 1970 683 2049; x_wconf 78' lang='grc' dir='ltr'><strong><em>μέμικται.</em></strong></span> <span class='ocrx_word' id='word_1_68' title='bbox 723 1968 871 2032; x_wconf 81' lang='lat' dir='ltr'><strong>Similiter</strong></span> <span class='ocrx_word' id='word_1_69' title='bbox 907 1966 985 2032; x_wconf 87' lang='lat' dir='ltr'><strong>Isth.</strong></span> <span class='ocrx_word' id='word_1_70' title='bbox 1022 1966 1058 2031; x_wconf 89' lang='lat' dir='ltr'><strong>H</strong></span> <span class='ocrx_word' id='word_1_71' title='bbox 1092 1969 1134 2030; x_wconf 90' lang='grc'><strong>43</strong></span> <span class='ocrx_word' id='word_1_72' title='bbox 1168 1967 1325 2039; x_wconf 77' lang='grc' dir='ltr'><strong><em>οέθανοὶτοις</em></strong></span> <span class='ocrx_word' id='word_1_73' title='bbox 1360 1970 1389 2032; x_wconf 83' lang='grc' dir='ltr'><strong>ἐν</strong></span> 
     </span>
     <span class='ocr_line' id='line_1_12' title="bbox 367 2085 1386 2169; baseline -0.008 -14"><span class='ocrx_word' id='word_1_74' title='bbox 367 2096 470 2167; x_wconf 78' lang='grc' dir='ltr'><strong><em>τιμαῖς</em></strong></span> <span class='ocrx_word' id='word_1_75' title='bbox 501 2088 631 2169; x_wconf 79' lang='grc' dir='ltr'><strong><em>ἔμιχθεν.</em></strong></span> <span class='ocrx_word' id='word_1_76' title='bbox 687 2086 828 2151; x_wconf 77' lang='lat' dir='ltr'><strong>Affirmat</strong></span> <span class='ocrx_word' id='word_1_77' title='bbox 858 2086 1047 2164; x_wconf 81' lang='lat' dir='ltr'><strong>Pausanias,</strong></span> <span class='ocrx_word' id='word_1_78' title='bbox 1079 2086 1116 2150; x_wconf 89' lang='lat' dir='ltr'><strong>L.</strong></span> <span class='ocrx_word' id='word_1_79' title='bbox 1139 2085 1170 2146; x_wconf 83' lang='lat' dir='ltr'><strong>V</strong></span> <span class='ocrx_word' id='word_1_80' title='bbox 1200 2085 1235 2150; x_wconf 84' lang='grc' dir='ltr'><strong>Ο.</strong></span> <span class='ocrx_word' id='word_1_81' title='bbox 1260 2085 1344 2149; x_wconf 85' lang='lat' dir='ltr'>XIII</span> <span class='ocrx_word' id='word_1_82' title='bbox 1372 2088 1386 2147; x_wconf 88' lang='grc'><strong>1</strong></span> 
     </span>
     <span class='ocr_line' id='line_1_13' title="bbox 368 2204 1387 2293; baseline -0.004 -21"><span class='ocrx_word' id='word_1_83' title='bbox 368 2208 514 2293; x_wconf 88' lang='lat' dir='ltr'><strong>Pelopem</strong></span> <span class='ocrx_word' id='word_1_84' title='bbox 549 2204 711 2291; x_wconf 80' lang='lat' dir='ltr'><strong>Olympiae</strong></span> <span class='ocrx_word' id='word_1_85' title='bbox 749 2205 793 2269; x_wconf 87' lang='lat' dir='ltr'><strong>ita</strong></span> <span class='ocrx_word' id='word_1_86' title='bbox 828 2227 922 2290; x_wconf 88' lang='lat' dir='ltr'><strong>supra</strong></span> <span class='ocrx_word' id='word_1_87' title='bbox 957 2204 1065 2269; x_wconf 87' lang='lat' dir='ltr'><strong>heroas</strong></span> <span class='ocrx_word' id='word_1_88' title='bbox 1102 2204 1235 2288; x_wconf 89' lang='lat' dir='ltr'><strong>reliquos</strong></span> <span class='ocrx_word' id='word_1_89' title='bbox 1270 2204 1387 2269; x_wconf 88' lang='lat' dir='ltr'><strong>cultum</strong></span> 
     </span>
     <span class='ocr_line' id='line_1_14' title="bbox 368 2323 1047 2407; baseline -0.003 -18"><span class='ocrx_word' id='word_1_90' title='bbox 368 2326 464 2391; x_wconf 83' lang='lat' dir='ltr'><strong>luisse</strong></span> <span class='ocrx_word' id='word_1_91' title='bbox 487 2333 524 2389; x_wconf 87' lang='lat' dir='ltr'><strong>nt</strong></span> <span class='ocrx_word' id='word_1_92' title='bbox 545 2325 655 2388; x_wconf 83' lang='lat' dir='ltr'><strong>Iovem</strong></span> <span class='ocrx_word' id='word_1_93' title='bbox 678 2344 772 2407; x_wconf 87' lang='lat' dir='ltr'><strong>supra</strong></span> <span class='ocrx_word' id='word_1_94' title='bbox 794 2323 930 2407; x_wconf 90' lang='lat' dir='ltr'><strong>reliquos</strong></span> <span class='ocrx_word' id='word_1_95' title='bbox 956 2324 1047 2387; x_wconf 92' lang='lat' dir='ltr'><strong>Deos.</strong></span> 
     </span>
    </p>

    <p class='ocr_par' dir='ltr' id='par_1_6' title="bbox 367 2439 1390 2880">
     <span class='ocr_line' id='line_1_15' title="bbox 418 2439 1390 2527; baseline -0.003 -20"><span class='ocrx_word' id='word_1_96' title='bbox 418 2447 490 2507; x_wconf 89' lang='grc'><strong>148.</strong></span> <span class='ocrx_word' id='word_1_97' title='bbox 524 2444 640 2513; x_wconf 73' lang='grc' dir='ltr'><strong><em>κλιθείς.</em></strong></span> <span class='ocrx_word' id='word_1_98' title='bbox 672 2440 835 2505; x_wconf 85' lang='lat' dir='ltr'><strong>Accubans</strong></span> <span class='ocrx_word' id='word_1_99' title='bbox 861 2440 898 2504; x_wconf 91' lang='lat' dir='ltr'><strong>ad</strong></span> <span class='ocrx_word' id='word_1_100' title='bbox 923 2441 1039 2527; x_wconf 80' lang='lat' dir='ltr'><strong>Alphei</strong></span> <span class='ocrx_word' id='word_1_101' title='bbox 1061 2442 1206 2519; x_wconf 87' lang='lat' dir='ltr'><strong>fluvium,</strong></span> <span class='ocrx_word' id='word_1_102' title='bbox 1228 2441 1319 2526; x_wconf 85' lang='lat' dir='ltr'><strong>juxta</strong></span> <span class='ocrx_word' id='word_1_103' title='bbox 1339 2439 1390 2504; x_wconf 78' lang='lat' dir='ltr'><strong>nl-</strong></span> 
     </span>
     <span class='ocr_line' id='line_1_16' title="bbox 370 2556 1389 2647; baseline -0.003 -21"><span class='ocrx_word' id='word_1_104' title='bbox 370 2562 484 2647; x_wconf 90' lang='lat' dir='ltr'><strong>pheum</strong></span> <span class='ocrx_word' id='word_1_105' title='bbox 509 2560 638 2645; x_wconf 86' lang='lat' dir='ltr'><strong>positus.</strong></span> <span class='ocrx_word' id='word_1_106' title='bbox 672 2558 764 2623; x_wconf 90' lang='lat' dir='ltr'><strong>Hom.</strong></span> <span class='ocrx_word' id='word_1_107' title='bbox 788 2557 828 2622; x_wconf 92' lang='lat' dir='ltr'><strong>Il.</strong></span> <span class='ocrx_word' id='word_1_108' title='bbox 849 2556 879 2619; x_wconf 82' lang='lat' dir='ltr'>V</span> <span class='ocrx_word' id='word_1_109' title='bbox 904 2561 967 2624; x_wconf 80' lang='lat'><strong>709</strong></span> <span class='ocrx_word' id='word_1_110' title='bbox 989 2561 1078 2639; x_wconf 63' lang='lat' dir='ltr'><strong>alnae</strong></span> <span class='ocrx_word' id='word_1_111' title='bbox 1095 2558 1262 2636; x_wconf 74' lang='grc' dir='ltr'><strong><em>κεκλιμένος</em></strong></span> <span class='ocrx_word' id='word_1_112' title='bbox 1278 2565 1389 2637; x_wconf 80' lang='grc' dir='ltr'><strong><em>ΚνΦιο-</em></strong></span> 
     </span>
     <span class='ocr_line' id='line_1_17' title="bbox 368 2675 1389 2762; baseline -0.003 -17"><span class='ocrx_word' id='word_1_113' title='bbox 368 2680 441 2762; x_wconf 71' lang='grc' dir='ltr'><strong><em>οι3ι,</em></strong></span> <span class='ocrx_word' id='word_1_114' title='bbox 475 2678 617 2744; x_wconf 87' lang='lat' dir='ltr'><strong>babitans</strong></span> <span class='ocrx_word' id='word_1_115' title='bbox 648 2699 742 2762; x_wconf 89' lang='lat' dir='ltr'><strong>prope</strong></span> <span class='ocrx_word' id='word_1_116' title='bbox 766 2676 869 2741; x_wconf 87' lang='lat' dir='ltr'><strong>lacum</strong></span> <span class='ocrx_word' id='word_1_117' title='bbox 894 2675 1095 2761; x_wconf 83' lang='lat' dir='ltr'><strong>Cephissum:</strong></span> <span class='ocrx_word' id='word_1_118' title='bbox 1120 2676 1180 2740; x_wconf 84' lang='lat' dir='ltr'><strong>XV</strong></span> <span class='ocrx_word' id='word_1_119' title='bbox 1206 2679 1269 2743; x_wconf 84' lang='lat'><strong>740</strong></span> <span class='ocrx_word' id='word_1_120' title='bbox 1293 2677 1389 2757; x_wconf 79' lang='grc' dir='ltr'><strong><em>πόντῳ</em></strong></span> 
     </span>
     <span class='ocr_line' id='line_1_18' title="bbox 367 2795 1143 2880; baseline -0.005 -17"><span class='ocrx_word' id='word_1_121' title='bbox 367 2798 548 2879; x_wconf 82' lang='grc' dir='ltr'><strong><em>κεκλιμένοι,</em></strong></span> <span class='ocrx_word' id='word_1_122' title='bbox 573 2795 650 2859; x_wconf 88' lang='lat' dir='ltr'><strong>mari</strong></span> <span class='ocrx_word' id='word_1_123' title='bbox 674 2795 823 2880; x_wconf 82' lang='lat' dir='ltr'><strong>proximi,</strong></span> <span class='ocrx_word' id='word_1_124' title='bbox 848 2800 895 2877; x_wconf 89' lang='lat' dir='ltr'><strong>nt</strong></span> <span class='ocrx_word' id='word_1_125' title='bbox 908 2795 988 2859; x_wconf 90' lang='lat' dir='ltr'><strong>nihil</strong></span> <span class='ocrx_word' id='word_1_126' title='bbox 1012 2796 1143 2860; x_wconf 87' lang='lat' dir='ltr'><strong>intersit.</strong></span> 
     </span>
    </p>

    <p class='ocr_par' dir='ltr' id='par_1_7' title="bbox 366 2914 1390 4422">
     <span class='ocr_line' id='line_1_19' title="bbox 415 2914 1390 3001; baseline 0 -22"><span class='ocrx_word' id='word_1_127' title='bbox 415 2919 489 2979; x_wconf 88' lang='grc'><strong>149.</strong></span> <span class='ocrx_word' id='word_1_128' title='bbox 525 2914 650 2994; x_wconf 80' lang='grc' dir='ltr'><strong><em>τύμβον.</em></strong></span> <span class='ocrx_word' id='word_1_129' title='bbox 686 2914 724 2978; x_wconf 91' lang='lat' dir='ltr'><strong>In</strong></span> <span class='ocrx_word' id='word_1_130' title='bbox 757 2914 883 2978; x_wconf 84' lang='lat' dir='ltr'><strong>scholiis</strong></span> <span class='ocrx_word' id='word_1_131' title='bbox 918 2915 1072 2980; x_wconf 85' lang='lat' dir='ltr'><strong>veteribus</strong></span> <span class='ocrx_word' id='word_1_132' title='bbox 1098 2916 1272 2997; x_wconf 70' lang='grc' dir='ltr'><strong><em>ἀμφίπολον</em></strong></span> <span class='ocrx_word' id='word_1_133' title='bbox 1294 2915 1390 3001; x_wconf 80' lang='lat' dir='ltr'><strong>expli·</strong></span> 
     </span>
     <span class='ocr_line' id='line_1_20' title="bbox 367 3030 1388 3118; baseline -0.001 -20"><span class='ocrx_word' id='word_1_134' title='bbox 367 3041 456 3098; x_wconf 87' lang='lat' dir='ltr'><strong>catur</strong></span> <span class='ocrx_word' id='word_1_135' title='bbox 479 3033 512 3096; x_wconf 91' lang='lat' dir='ltr'><strong>in</strong></span> <span class='ocrx_word' id='word_1_136' title='bbox 535 3032 611 3097; x_wconf 88' lang='lat' dir='ltr'><strong>urbe</strong></span> <span class='ocrx_word' id='word_1_137' title='bbox 627 3032 744 3109; x_wconf 91' lang='lat' dir='ltr'><strong>media,</strong></span> <span class='ocrx_word' id='word_1_138' title='bbox 768 3030 812 3097; x_wconf 93' lang='lat' dir='ltr'><strong>ihi</strong></span> <span class='ocrx_word' id='word_1_139' title='bbox 828 3034 909 3097; x_wconf 88' lang='lat' dir='ltr'><strong>enim</strong></span> <span class='ocrx_word' id='word_1_140' title='bbox 926 3032 1021 3097; x_wconf 83' lang='lat' dir='ltr'><strong>fuisse</strong></span> <span class='ocrx_word' id='word_1_141' title='bbox 1037 3032 1178 3118; x_wconf 90' lang='lat' dir='ltr'><strong>sepulcra</strong></span> <span class='ocrx_word' id='word_1_142' title='bbox 1193 3034 1388 3098; x_wconf 88' lang='lat' dir='ltr'><strong>conditorum</strong></span> 
     </span>
     <span class='ocr_line' id='line_1_21' title="bbox 368 3148 1387 3235; baseline 0 -20"><span class='ocrx_word' id='word_1_143' title='bbox 368 3152 509 3217; x_wconf 88' lang='lat' dir='ltr'><strong>urbium:</strong></span> <span class='ocrx_word' id='word_1_144' title='bbox 545 3150 592 3214; x_wconf 89' lang='lat' dir='ltr'><strong>vel</strong></span> <span class='ocrx_word' id='word_1_145' title='bbox 622 3150 706 3235; x_wconf 91' lang='lat' dir='ltr'><strong>qnod</strong></span> <span class='ocrx_word' id='word_1_146' title='bbox 738 3172 756 3214; x_wconf 89' lang='lat' dir='ltr'><strong>a</strong></span> <span class='ocrx_word' id='word_1_147' title='bbox 786 3148 977 3215; x_wconf 84' lang='lat' dir='ltr'><strong>certantibus</strong></span> <span class='ocrx_word' id='word_1_148' title='bbox 1009 3151 1194 3230; x_wconf 82' lang='lat' dir='ltr'><strong>ambiretur,</strong></span> <span class='ocrx_word' id='word_1_149' title='bbox 1226 3152 1259 3216; x_wconf 90' lang='lat' dir='ltr'><strong>in</strong></span> <span class='ocrx_word' id='word_1_150' title='bbox 1286 3152 1387 3215; x_wconf 86' lang='lat' dir='ltr'><strong>stadio</strong></span> 
     </span>
     <span class='ocr_line' id='line_1_22' title="bbox 368 3269 1387 3355; baseline 0 -20"><span class='ocrx_word' id='word_1_151' title='bbox 368 3270 450 3335; x_wconf 88' lang='lat' dir='ltr'><strong>enim</strong></span> <span class='ocrx_word' id='word_1_152' title='bbox 473 3269 587 3334; x_wconf 86' lang='lat' dir='ltr'><strong>fnisse:</strong></span> <span class='ocrx_word' id='word_1_153' title='bbox 613 3269 660 3333; x_wconf 85' lang='lat' dir='ltr'><strong>vel</strong></span> <span class='ocrx_word' id='word_1_154' title='bbox 684 3269 757 3334; x_wconf 87' lang='lat' dir='ltr'><strong>orbe</strong></span> <span class='ocrx_word' id='word_1_155' title='bbox 781 3269 819 3334; x_wconf 93' lang='lat' dir='ltr'><strong>ab</strong></span> <span class='ocrx_word' id='word_1_156' title='bbox 843 3270 928 3334; x_wconf 92' lang='lat' dir='ltr'><strong>omni</strong></span> <span class='ocrx_word' id='word_1_157' title='bbox 953 3277 1040 3355; x_wconf 87' lang='lat' dir='ltr'><strong>parte</strong></span> <span class='ocrx_word' id='word_1_158' title='bbox 1063 3270 1101 3334; x_wconf 86' lang='lat' dir='ltr'><strong>ud</strong></span> <span class='ocrx_word' id='word_1_159' title='bbox 1118 3269 1197 3355; x_wconf 73' lang='lat' dir='ltr'><strong>illud</strong></span> <span class='ocrx_word' id='word_1_160' title='bbox 1214 3271 1387 3355; x_wconf 78' lang='lat' dir='ltr'><strong>frequentes</strong></span> 
     </span>
     <span class='ocr_line' id='line_1_23' title="bbox 368 3386 1388 3473; baseline 0.002 -20"><span class='ocrx_word' id='word_1_161' title='bbox 368 3388 546 3454; x_wconf 78' lang='lat' dir='ltr'><strong>accessisse:</strong></span> <span class='ocrx_word' id='word_1_162' title='bbox 580 3396 611 3451; x_wconf 90' lang='lat' dir='ltr'><strong>et</strong></span> <span class='ocrx_word' id='word_1_163' title='bbox 642 3387 720 3451; x_wconf 90' lang='lat' dir='ltr'><strong>hanc</strong></span> <span class='ocrx_word' id='word_1_164' title='bbox 751 3386 875 3472; x_wconf 90' lang='lat' dir='ltr'><strong>quidem</strong></span> <span class='ocrx_word' id='word_1_165' title='bbox 905 3387 1141 3473; x_wconf 79' lang='lat' dir='ltr'><strong>explicationem</strong></span> <span class='ocrx_word' id='word_1_166' title='bbox 1163 3390 1255 3454; x_wconf 82' lang='lat' dir='ltr'><strong>etiarn</strong></span> <span class='ocrx_word' id='word_1_167' title='bbox 1279 3390 1388 3455; x_wconf 79' lang='lat' dir='ltr'><strong>Eusta-</strong></span> 
     </span>
     <span class='ocr_line' id='line_1_24' title="bbox 367 3504 1387 3588; baseline 0.002 -16"><span class='ocrx_word' id='word_1_168' title='bbox 367 3508 454 3573; x_wconf 85' lang='lat' dir='ltr'><strong>thius</strong></span> <span class='ocrx_word' id='word_1_169' title='bbox 478 3505 688 3583; x_wconf 85' lang='lat' dir='ltr'><strong>commendat,</strong></span> <span class='ocrx_word' id='word_1_170' title='bbox 713 3505 752 3569; x_wconf 88' lang='lat' dir='ltr'><strong>ad</strong></span> <span class='ocrx_word' id='word_1_171' title='bbox 775 3504 836 3569; x_wconf 91' lang='lat' dir='ltr'><strong>Od.</strong></span> <span class='ocrx_word' id='word_1_172' title='bbox 861 3504 878 3570; x_wconf 93' lang='grc' dir='ltr'><strong>Ι</strong></span> <span class='ocrx_word' id='word_1_173' title='bbox 907 3508 978 3572; x_wconf 84' lang='grc'><strong>136.</strong></span> <span class='ocrx_word' id='word_1_174' title='bbox 1021 3507 1164 3588; x_wconf 80' lang='grc' dir='ltr'><strong><em>Ἀρχαῖον</em></strong></span> <span class='ocrx_word' id='word_1_175' title='bbox 1187 3512 1275 3587; x_wconf 80' lang='grc' dir='ltr'><strong>σοῖμα</strong></span> <span class='ocrx_word' id='word_1_176' title='bbox 1298 3509 1387 3575; x_wconf 77' lang='grc' dir='ltr'><strong><em>Πέλο-</em></strong></span> 
     </span>
     <span class='ocr_line' id='line_1_25' title="bbox 368 3622 1384 3697; baseline 0.004 -8"><span class='ocrx_word' id='word_1_177' title='bbox 368 3649 421 3697; x_wconf 80' lang='grc' dir='ltr'><strong>πος</strong></span> <span class='ocrx_word' id='word_1_178' title='bbox 445 3630 632 3689; x_wconf 86' lang='lat' dir='ltr'><strong>memoratur</strong></span> <span class='ocrx_word' id='word_1_179' title='bbox 654 3624 744 3687; x_wconf 91' lang='lat' dir='ltr'><strong>etiam</strong></span> <span class='ocrx_word' id='word_1_180' title='bbox 770 3622 821 3687; x_wconf 94' lang='lat' dir='ltr'><strong>Ol.</strong></span> <span class='ocrx_word' id='word_1_181' title='bbox 848 3623 877 3687; x_wconf 88' lang='lat' dir='ltr'>X</span> <span class='ocrx_word' id='word_1_182' title='bbox 902 3626 956 3689; x_wconf 87' lang='grc'><strong>30.</strong></span> <span class='ocrx_word' id='word_1_183' title='bbox 1007 3628 1037 3689; x_wconf 82' lang='grc' dir='ltr'><strong>Α</strong></span> <span class='ocrx_word' id='word_1_184' title='bbox 1059 3626 1212 3691; x_wconf 84' lang='lat' dir='ltr'><strong>Pausania</strong></span> <span class='ocrx_word' id='word_1_185' title='bbox 1234 3626 1271 3690; x_wconf 81' lang='lat' dir='ltr'><strong>L.</strong></span> <span class='ocrx_word' id='word_1_186' title='bbox 1296 3626 1384 3692; x_wconf 84' lang='lat' dir='ltr'><strong>VC.</strong></span> 
     </span>
     <span class='ocr_line' id='line_1_26' title="bbox 368 3741 1387 3822; baseline 0.004 -17"><span class='ocrx_word' id='word_1_187' title='bbox 368 3742 452 3806; x_wconf 85' lang='lat' dir='ltr'>XIII</span> <span class='ocrx_word' id='word_1_188' title='bbox 482 3749 670 3805; x_wconf 84' lang='lat' dir='ltr'><strong>memorator</strong></span> <span class='ocrx_word' id='word_1_189' title='bbox 700 3741 789 3805; x_wconf 88' lang='lat' dir='ltr'><strong>lucus</strong></span> <span class='ocrx_word' id='word_1_190' title='bbox 820 3742 852 3806; x_wconf 92' lang='lat' dir='ltr'><strong>in</strong></span> <span class='ocrx_word' id='word_1_191' title='bbox 877 3743 944 3807; x_wconf 82' lang='lat' dir='ltr'><strong>Alti</strong></span> <span class='ocrx_word' id='word_1_192' title='bbox 971 3743 1018 3808; x_wconf 86' lang='lat' dir='ltr'><strong>vel</strong></span> <span class='ocrx_word' id='word_1_193' title='bbox 1041 3744 1165 3822; x_wconf 86' lang='lat' dir='ltr'><strong>fanum,</strong></span> <span class='ocrx_word' id='word_1_194' title='bbox 1189 3744 1307 3822; x_wconf 74' lang='grc' dir='ltr'><strong><em>τέμενος</em></strong></span> <span class='ocrx_word' id='word_1_195' title='bbox 1333 3745 1387 3809; x_wconf 89' lang='lat' dir='ltr'><strong>Pe-</strong></span> 
     </span>
     <span class='ocr_line' id='line_1_27' title="bbox 366 3857 1385 3945; baseline 0.003 -20"><span class='ocrx_word' id='word_1_196' title='bbox 366 3860 462 3945; x_wconf 92' lang='lat' dir='ltr'><strong>lopis,</strong></span> <span class='ocrx_word' id='word_1_197' title='bbox 487 3859 648 3941; x_wconf 74' lang='grc' dir='ltr'><strong><em>Πελόπιον,</em></strong></span> <span class='ocrx_word' id='word_1_198' title='bbox 672 3857 793 3943; x_wconf 89' lang='lat' dir='ltr'><strong>lapideo</strong></span> <span class='ocrx_word' id='word_1_199' title='bbox 813 3860 911 3939; x_wconf 89' lang='lat' dir='ltr'><strong>vallo,</strong></span> <span class='ocrx_word' id='word_1_200' title='bbox 938 3861 1053 3926; x_wconf 89' lang='lat' dir='ltr'><strong>habens</strong></span> <span class='ocrx_word' id='word_1_201' title='bbox 1068 3862 1191 3927; x_wconf 87' lang='lat' dir='ltr'><strong>arbores</strong></span> <span class='ocrx_word' id='word_1_202' title='bbox 1206 3870 1238 3927; x_wconf 89' lang='lat' dir='ltr'><strong>et</strong></span> <span class='ocrx_word' id='word_1_203' title='bbox 1253 3872 1385 3941; x_wconf 86' lang='lat' dir='ltr'><strong>statuas,</strong></span> 
     </span>
     <span class='ocr_line' id='line_1_28' title="bbox 367 3974 1386 4065; baseline 0.004 -24"><span class='ocrx_word' id='word_1_204' title='bbox 367 3976 450 4063; x_wconf 92' lang='lat' dir='ltr'><strong>qnod</strong></span> <span class='ocrx_word' id='word_1_205' title='bbox 468 3975 618 4041; x_wconf 87' lang='lat' dir='ltr'><strong>Hercules</strong></span> <span class='ocrx_word' id='word_1_206' title='bbox 631 3974 792 4040; x_wconf 88' lang='lat' dir='ltr'><strong>dicebatur</strong></span> <span class='ocrx_word' id='word_1_207' title='bbox 804 3998 1010 4044; x_wconf 81' lang='lat' dir='ltr'><strong>consecrasse:</strong></span> <span class='ocrx_word' id='word_1_208' title='bbox 1027 3980 1170 4065; x_wconf 89' lang='lat' dir='ltr'><strong>idemque</strong></span> <span class='ocrx_word' id='word_1_209' title='bbox 1182 4004 1269 4045; x_wconf 86' lang='lat' dir='ltr'><strong>sacra</strong></span> <span class='ocrx_word' id='word_1_210' title='bbox 1279 3984 1386 4046; x_wconf 84' lang='lat' dir='ltr'><strong>fecisse</strong></span> 
     </span>
     <span class='ocr_line' id='line_1_29' title="bbox 367 4096 1386 4183; baseline 0.004 -22"><span class='ocrx_word' id='word_1_211' title='bbox 367 4096 530 4161; x_wconf 84' lang='lat' dir='ltr'><strong>dicebatur</strong></span> <span class='ocrx_word' id='word_1_212' title='bbox 553 4096 585 4159; x_wconf 91' lang='lat' dir='ltr'><strong>in</strong></span> <span class='ocrx_word' id='word_1_213' title='bbox 609 4096 745 4161; x_wconf 88' lang='lat' dir='ltr'><strong>scrobem</strong></span> <span class='ocrx_word' id='word_1_214' title='bbox 770 4096 897 4183; x_wconf 89' lang='lat' dir='ltr'><strong>Pelopi,</strong></span> <span class='ocrx_word' id='word_1_215' title='bbox 922 4100 952 4171; x_wconf 81' lang='grc' dir='ltr'><strong>ἐς</strong></span> <span class='ocrx_word' id='word_1_216' title='bbox 978 4100 1027 4164; x_wconf 81' lang='grc' dir='ltr'><strong>τὸν</strong></span> <span class='ocrx_word' id='word_1_217' title='bbox 1049 4100 1163 4179; x_wconf 76' lang='grc' dir='ltr'><strong><em>βοθρονε</em></strong></span> <span class='ocrx_word' id='word_1_218' title='bbox 1189 4107 1220 4165; x_wconf 88' lang='lat' dir='ltr'><strong>et</strong></span> <span class='ocrx_word' id='word_1_219' title='bbox 1242 4122 1328 4165; x_wconf 88' lang='lat' dir='ltr'><strong>sacra</strong></span> <span class='ocrx_word' id='word_1_220' title='bbox 1351 4124 1386 4167; x_wconf 92' lang='lat' dir='ltr'><strong>ea</strong></span> 
     </span>
     <span class='ocr_line' id='line_1_30' title="bbox 368 4215 1386 4307; baseline 0.007 -29"><span class='ocrx_word' id='word_1_221' title='bbox 368 4215 462 4279; x_wconf 91' lang='lat' dir='ltr'><strong>etiam</strong></span> <span class='ocrx_word' id='word_1_222' title='bbox 486 4236 542 4278; x_wconf 89' lang='lat' dir='ltr'><strong>sua</strong></span> <span class='ocrx_word' id='word_1_223' title='bbox 565 4221 665 4279; x_wconf 83' lang='lat' dir='ltr'><strong>aetate</strong></span> <span class='ocrx_word' id='word_1_224' title='bbox 689 4216 902 4299; x_wconf 90' lang='lat' dir='ltr'><strong>permansisse.</strong></span> <span class='ocrx_word' id='word_1_225' title='bbox 943 4217 989 4281; x_wconf 90' lang='lat' dir='ltr'><strong>De</strong></span> <span class='ocrx_word' id='word_1_226' title='bbox 1011 4219 1133 4282; x_wconf 88' lang='lat' dir='ltr'><strong>ossibus</strong></span> <span class='ocrx_word' id='word_1_227' title='bbox 1156 4220 1249 4283; x_wconf 84' lang='lat' dir='ltr'><strong>etiam</strong></span> <span class='ocrx_word' id='word_1_228' title='bbox 1264 4219 1386 4307; x_wconf 88' lang='lat' dir='ltr'><strong>Pelopis</strong></span> 
     </span>
     <span class='ocr_line' id='line_1_31' title="bbox 368 4332 1388 4422; baseline 0.006 -25"><span class='ocrx_word' id='word_1_229' title='bbox 368 4332 484 4397; x_wconf 90' lang='lat' dir='ltr'><strong>ibidem</strong></span> <span class='ocrx_word' id='word_1_230' title='bbox 508 4333 624 4396; x_wconf 90' lang='lat' dir='ltr'><strong>mentio</strong></span> <span class='ocrx_word' id='word_1_231' title='bbox 648 4340 704 4396; x_wconf 86' lang='lat' dir='ltr'><strong>eat.</strong></span> <span class='ocrx_word' id='word_1_232' title='bbox 741 4335 835 4398; x_wconf 85' lang='lat' dir='ltr'><strong>Aram</strong></span> <span class='ocrx_word' id='word_1_233' title='bbox 859 4357 930 4399; x_wconf 85' lang='lat' dir='ltr'><strong>vero</strong></span> <span class='ocrx_word' id='word_1_234' title='bbox 948 4336 1035 4401; x_wconf 86' lang='lat' dir='ltr'><strong>Jovis</strong></span> <span class='ocrx_word' id='word_1_235' title='bbox 1050 4334 1188 4422; x_wconf 79' lang='lat' dir='ltr'><strong>Olympii</strong></span> <span class='ocrx_word' id='word_1_236' title='bbox 1203 4339 1296 4403; x_wconf 87' lang='lat' dir='ltr'><strong>fuisse</strong></span> <span class='ocrx_word' id='word_1_237' title='bbox 1312 4338 1388 4403; x_wconf 89' lang='lat' dir='ltr'><strong>dicit</strong></span> 
     </span>
    </p>
   </div>
   <div class='ocr_carea' id='block_1_3' title="bbox 368 4448 1395 4540">
    <p class='ocr_par' dir='ltr' id='par_1_8' title="bbox 368 4448 1395 4540">
     <span class='ocr_line' id='line_1_32' title="bbox 368 4448 1395 4540; baseline 0.008 -25"><span class='ocrx_word' id='word_1_238' title='bbox 368 4459 439 4516; x_wconf 85' lang='lat' dir='ltr'><strong>ante</strong></span> <span class='ocrx_word' id='word_1_239' title='bbox 463 4449 635 4535; x_wconf 81' lang='lat' dir='ltr'><strong>Pelopiam.</strong></span> <span class='ocrx_word' id='word_1_240' title='bbox 683 4448 799 4516; x_wconf 81' lang='lat' dir='ltr'><strong>Verum</strong></span> <span class='ocrx_word' id='word_1_241' title='bbox 824 4453 936 4517; x_wconf 85' lang='lat' dir='ltr'><strong>tumuli</strong></span> <span class='ocrx_word' id='word_1_242' title='bbox 960 4454 1084 4540; x_wconf 86' lang='lat' dir='ltr'><strong>quidem</strong></span> <span class='ocrx_word' id='word_1_243' title='bbox 1108 4478 1170 4521; x_wconf 91' lang='lat' dir='ltr'><strong>nou</strong></span> <span class='ocrx_word' id='word_1_244' title='bbox 1193 4458 1309 4523; x_wconf 90' lang='lat' dir='ltr'><strong>mentio</strong></span> <span class='ocrx_word' id='word_1_245' title='bbox 1329 4466 1395 4523; x_wconf 86' lang='lat' dir='ltr'><strong>est..</strong></span> 
     </span>
    </p>
   </div>
   <div class='ocr_carea' id='block_1_4' title="bbox 0 0 1868 5542">
    <p class='ocr_par' dir='ltr' id='par_1_9' title="bbox 0 0 1868 5542">
     <span class='ocr_line' id='line_1_33' title="bbox 0 0 1868 5542; baseline 0 1"><span class='ocrx_word' id='word_1_246' title='bbox 0 0 1868 5542; x_wconf 95' lang='lat' dir='ltr'><strong> </strong></span> 
     </span>
    </p>
   </div>
  </div>
 </body>
</html>
