3725 5542
819 731 883 791 411

348 932 538 997 difficultate.
585 929 645 993 Sed
674 937 756 992 recte
787 927 952 991 Disaenius
982 926 1014 988 h.
1046 926 1067 989 l.
1092 927 1269 991 νικώντεσσιν
1292 943 1362 986 cnm

351 1051 484 1130 άνδράσιν
508 1047 686 1132 conjungit,
710 1047 765 1128 qui
788 1044 911 1110 dativus
935 1044 1049 1128 pendet
1071 1065 1088 1106 a
1111 1043 1253 1124 πέμπων,
1278 1040 1364 1104 etin

351 1167 512 1241 ἱλάσκσμοιι
536 1163 683 1248 intelligit
706 1163 830 1242 αὐτοὺς,
851 1162 945 1246 idque
961 1161 1131 1245 significare
1147 1159 1301 1224 existimat
1316 1177 1365 1220 ox·

349 1286 498 1361 hilarare,
522 1305 618 1367 qaum
642 1282 735 1346 etiam
757 1278 839 1351 ἵλεως
863 1279 1016 1364 significet
1037 1279 1153 1355 laetus,
1179 1277 1264 1341 velut
1279 1275 1359 1344 Plat.

351 1403 454 1488 Symp.
488 1404 553 1464 206
584 1400 613 1462 D
645 1398 726 1464 ἵλεάν
756 1421 790 1462 σε
818 1396 867 1461 :eei
891 1395 1112 1479 εὐφραινόμενον
1134 1432 1179 1444 -
1202 1393 1365 1472 σκυθρωπόν

350 1544 384 1583 τε
416 1519 466 1583 aaa
497 1519 686 1589 λυπούμενον.
733 1514 843 1598 Ipsum
872 1512 1020 1578 Latinum
1052 1533 1163 1576 nomen
1193 1510 1303 1576 hilaris
1324 1509 1365 1574 ab

352 1636 411 1699 hoc
446 1634 564 1698 Graeco
599 1632 748 1698 vocabulo
782 1630 950 1696 deductum
985 1628 1117 1694 videtur.
1165 1628 1268 1712 Atque
1299 1627 1366 1711 ipsa

350 1753 480 1816 maxima
506 1752 617 1815 usitata
640 1749 823 1834 significatio
846 1746 929 1812 verbi
954 1745 1134 1826 ἱλάσκομαι,
1155 1745 1187 1808 in
1203 1742 1361 1827 placandis

351 1869 420 1931 Diis
443 1869 559 1952 posita,
583 1889 654 1930 cum
677 1865 852 1930 oblectandi
875 1863 1098 1949 significatione
1114 1861 1364 1947 conjunctissima

351 1992 414 2048 eat:
447 2005 543 2066 quum
573 1983 706 2048 victimis
736 1982 824 2066 quari
856 1981 957 2066 apulia
989 1981 1041 2045 Dii
1072 1979 1145 2044 olim
1177 1977 1364 2063 gauderent,

285 2159 288 2163 ,
352 2101 436 2166 volut
459 2100 519 2166 od.
544 2101 560 2164 Ι
585 2103 627 2162 26
652 2099 817 2185 Neptunus
841 2100 924 2164 veuit
947 2098 986 2162 ad
1009 2097 1178 2180 Aethiopes
1226 2111 1227 2114 ’

485 2221 602 2283 άντιάων
625 2219 736 2298 ταύρων
758 2242 792 2281 σε
814 2218 864 2282 aa>
887 2201 1001 2296 άρνειῶν
1024 2214 1212 2292 ἑιωιτάμβιις·

488 2333 541 2400 ἔνθ’
563 2332 616 2412 άνε
638 2335 759 2414 τέρπετο
781 2334 858 2399 deiri
880 2335 1055 2412 παρήμενος.

354 2450 397 2514 Et
425 2450 463 2515 Il.
487 2451 505 2515 I
528 2454 592 2517 472
616 2453 789 2517 ἱλάσκεσάοιι
812 2473 884 2515 cum
905 2451 1030 2528 μέλπειν
1053 2457 1084 2513 et
1106 2451 1219 2528 τέρπειν
1242 2447 1369 2532 conjun-

355 2569 456 2652 gitur:
480 2570 591 2636 Gracci
614 2569 724 2634 sedant
745 2571 822 2636 nam
844 2567 1018 2654 Apollinis:

511 2688 535 2752 ci
559 2686 588 2752 δὲ
611 2685 778 2766 πανημέριοι
801 2695 904 2765 μολπῇ
926 2683 988 2750 θεὸν
1009 2683 1181 2756 ἱλάσκοντο,

511 2805 674 2880 μέλποντες
697 2801 873 2881 Ἑκάεργον·
894 2802 908 2866 d
930 2801 960 2865 δὲ
983 2799 1076 2879 opera
1098 2797 1213 2879 τέρπετ’
1235 2797 1355 2864 άκιάων.

354 2920 446 2985 Recta
477 2942 551 3004 ergo
573 2920 739 2986 aclroliaata
761 2927 867 2984 aetna:
890 2919 1006 2998 ἱλιιροὺς
1030 2918 1135 2988 αὐτοὺς
1159 2916 1209 2980 :eol
1233 2915 1371 2994 εὐχερέσ-

354 3061 420 3110 τονο
442 3040 588 3103 άποτελῶ.

403 3157 454 3221 16.
490 3153 634 3239 Olympia
663 3163 695 3219 et
726 3154 839 3239 Pythia
866 3153 917 3218 hic
939 3161 1104 3230 memorat,
1129 3152 1243 3238 quippe
1267 3151 1370 3216 claria-

356 3271 449 3349 aima,
482 3271 660 3355 praesertim
691 3292 788 3353 quum
812 3270 961 3354 Diagorae
985 3269 1016 3334 iu
1041 3270 1181 3352 atriaque
1205 3269 1301 3332 vietor
1324 3267 1371 3332 fu·

354 3391 445 3456 isset:
472 3391 510 3456 cf.
536 3393 598 3467 28,
623 3393 678 3454 al.

404 3510 455 3572 17.
490 3509 505 3572 ὁ
534 3506 561 3572 δ’
589 3506 701 3585 άλβιοε,
731 3504 761 3572 ὃν
792 3513 908 3588 Φάμνω.
946 3508 1030 3574 Dicit
1060 3509 1136 3586 hoc‚
1166 3530 1226 3573 nou
1251 3515 1371 3572 tantum

355 3624 470 3708 ipaam,
498 3646 577 3709 qnae
600 3647 636 3688 er
660 3624 795 3689 victoriis
819 3631 927 3708 sponte
951 3625 1152 3702 nascebatur,
1176 3624 1370 3690 nobilitatem

354 3741 548 3822 significana,
572 3763 681 3807 aarum
703 3741 796 3806 etiam
820 3741 1003 3806 adanorum
1018 3743 1183 3827 respiciens
1199 3744 1372 3807 carminum

355 3857 538 3920 suavitatem
561 3866 593 3921 et
614 3857 752 3941 gloriam.
790 3855 935 3923 cetarum
959 3859 1101 3922 eximiam
1126 3860 1282 3924 attendere
1298 3859 1371 3926 licat

355 3972 581 4037 laudationem:
614 3983 765 4059 quantum
797 3976 878 4039 enim
910 3975 952 4038 ait
983 3977 1083 4040 vocari
1106 3975 1203 4053 ὄλβιον
1225 3984 1255 4042 et
1279 3999 1372 4061 quam

356 4096 489 4174 praestet
510 4092 650 4170 εὐτυχεῖ,
674 4091 765 4156 docet
787 4090 882 4158 Solon
905 4092 990 4177 apud
1014 4092 1128 4158 Herod.
1151 4093 1189 4157 L.
1215 4092 1231 4157 Ι
1255 4097 1310 4158 32.

404 4209 453 4270 ta.
489 4208 577 4286 Χάρις
599 4206 769 4287 ζωθάλμιος.
803 4209 904 4274 Aliter
926 4209 1076 4274 Horatiae
1102 4212 1138 4274 A.
1160 4209 1195 4274 P.
1214 4213 1255 4274 69
1273 4211 1373 4294 gratia

357 4324 462 4399 vivax,
486 4323 507 4386 i.
532 4346 558 4387 e
584 4333 732 4408 perpetuo
755 4325 878 4390 florens.
908 4325 996 4390 Nam
1021 4327 1078 4390 hoc
1097 4326 1165 4391 loco
1181 4327 1371 4411 significatur

355 4440 479 4518 Gratia,
501 4462 582 4526 qaae
603 4441 697 4506 vitam
721 4450 753 4509 at
775 4444 926 4529 vigorem,
955 4445 1035 4508 vitae
1058 4445 1192 4508 fructum
1208 4454 1240 4508 at
1255 4445 1370 4530 gaudia
