3725 5542
843 727 906 791 257

367 930 515 997 curulem.
529 930 553 1016 ¹)
593 929 662 994 Hoc
685 928 809 1014 quidem
826 950 949 993 carmen
965 928 1109 993 victoriae
1125 931 1274 1014 equestris
1291 931 1385 995 fuisse

369 1048 532 1113 manifesto
556 1055 682 1133 apparet
705 1070 764 1111 vas.
790 1049 831 1111 32
856 1054 887 1112 et
914 1049 987 1112 176.

413 1166 516 1243 Prima
548 1188 621 1251 ergo
652 1164 798 1230 Hieronis
829 1166 958 1230 victoria
988 1165 1027 1229 ed
1058 1165 1144 1229 eliud
1167 1174 1290 1251 tempus
1312 1166 1387 1230 refe-

367 1284 462 1349 renda
492 1292 556 1349 est:
588 1292 625 1348 ut
654 1284 730 1347 mihi
760 1282 887 1367 quidem
919 1273 1056 1362 videtur,
1082 1283 1121 1347 ad
1149 1282 1200 1348 Ol.
1229 1283 1385 1363 LXXVI,

368 1424 464 1487 quum
495 1424 599 1468 recens
630 1400 758 1466 haberet
788 1401 962 1486 imperium.
1010 1400 1104 1481 Quod
1136 1424 1174 1465 an
1203 1402 1247 1467 ite
1273 1404 1332 1481 sit,
1357 1410 1388 1467 et

368 1518 406 1583 ed
430 1542 496 1585 eam
518 1520 577 1584 hoo
600 1541 722 1585 carmen
745 1518 938 1583 referendum
961 1518 1020 1598 sit,
1046 1520 1110 1605 jem
1134 1518 1277 1605 deinceps
1301 1542 1389 1605 ergu-

368 1644 472 1703 mento
494 1637 652 1723 proposito
674 1636 843 1701 videamus.

415 1753 496 1819 Nam
525 1755 559 1819 in
590 1754 687 1819 altero
718 1753 758 1818 ed
788 1754 1023 1839 inscriptionem
1050 1754 1168 1819 scholio
1191 1754 1230 1819 dc
1253 1754 1389 1819 Hierone

370 1873 501 1939 dicitur:
530 1874 649 1949 νικήσας
676 1873 707 1938 δὲ
729 1874 771 1939 τοὶ
794 1870 953 1953 Ὀλύμπια
975 1872 1146 1955 οὶνεκιὶρυξεν
1169 1873 1271 1939 ἑαυτὸν
1294 1883 1389 1953 Συρα-

371 1994 482 2059 κούσιον
505 1992 554 2057 καὶ
578 1993 728 2075 Αἰτναῖον,
752 1993 857 2066 κτίσας
882 1994 935 2065 τὴν
958 1993 1174 2073 παρακειμένην
1196 1996 1237 2074 τῷ
1259 1991 1312 2073 ὄρει
1335 1993 1389 2059 νοό-

369 2130 415 2179 λιν
438 2115 467 2179 ἕν
490 2122 527 2195 τῇ
551 2114 675 2193 Σικελία
697 2112 805 2189 Αἴτνην
828 2114 976 2191 ὁμώνυμον
998 2116 1039 2195 τῷ
1058 2111 1122 2193 ὅροι.
1158 2114 1262 2197 Atque
1282 2113 1315 2177 in
1334 2112 1390 2177 illo

371 2231 508 2309 scholio,
538 2231 622 2316 quod
652 2232 685 2295 in
708 2232 791 2295 uotis
815 2232 929 2295 criticis
954 2231 993 2295 ed
1018 2254 1050 2295 vs
1075 2234 1116 2295 35
1141 2231 1321 2309 attulimus,
1345 2230 1390 2295 di-

373 2348 453 2413 citur
484 2348 598 2427 Hiero,
631 2370 725 2433 quum
750 2348 903 2428 vinceret,
927 2371 990 2413 nou
1014 2348 1195 2434 Syracusius
1218 2349 1313 2414 fuisse
1336 2347 1389 2413 sed

373 2468 539 2533 Aetnaeus.

417 2585 547 2671 Expulit
579 2594 682 2651 autem
713 2584 829 2649 incolas
861 2582 997 2663 Catane,
1029 2606 1186 2669 novosque
1214 2584 1340 2649 induxit
1362 2592 1394 2648 et

370 2704 478 2769 urbem
501 2702 669 2789 appellavit
693 2705 825 2769 Aetnam
849 2701 903 2768 Ol.
925 2700 1063 2767 LXXVI
1087 2723 1168 2767 enno
1192 2702 1338 2788 primo.⁹)

417 2822 502 2903 Quid
526 2822 653 2887 eutem?
697 2822 838 2901 Diserte,
871 2830 907 2886 ut
930 2821 1033 2886 estin
1056 2819 1112 2885 illo
1135 2820 1271 2899 scholio,
1295 2820 1392 2906 Didy-

372 2963 441 3005 mus
465 2962 531 3007 eam
555 2942 738 3005 seutentiam
762 2940 940 3005 contemsit:
961 2940 1067 3014 εὐήθεις
1088 2939 1163 3021 φησὶ
1184 2938 1313 3017 arama
1328 2938 1394 3004 τού·

369 3080 453 3132 roas·
478 3059 546 3126 τότε
565 3061 626 3138 γὰρ
646 3060 659 3124 d
679 3060 768 3141 Ἱέρων
787 3056 820 3135 ἦν
840 3059 1031 3139 Συρακούσιος
1050 3057 1099 3123 καὶ
1115 3058 1178 3123 οὐδὲ
1195 3052 1390 3134 taleme,

369 3178 405 3251 dc
436 3184 527 3261 φησιν
557 3178 786 3260 Ἀπολλόδωρος.
830 3175 897 3242 Νοο
925 3199 999 3241 sane
1022 3175 1149 3261 Didymi
1171 3176 1336 3241 auotoritas
1359 3185 1392 3241 et

405 3380 430 3441 1)
448 3378 588 3437 Pausanias,
602 3378 717 3427 Gelonem
728 3378 767 3427 Ol.
778 3377 867 3427 Lxxrr
879 3392 942 3426 auno
953 3377 1150 3441 GSyrecusarum
1161 3375 1289 3440 imperium
1300 3376 1390 3441 cepisse

371 3473 466 3533 dicens,
484 3489 540 3539 ergo
558 3474 597 3524 01.
609 3474 709 3523 1.erss
729 3474 800 3523 luisse
812 3472 981 3538 Syracosium,
994 3489 1042 3521 uon
1054 3471 1172 3531 Geloum,
1184 3472 1259 3522 elium
1271 3473 1391 3537 quendum

371 3567 486 3618 Gelonem
504 3568 621 3629 Geloum,
638 3569 782 3619 Dinomenis
793 3568 893 3618 alterius
904 3567 1029 3632 cujusdem
1045 3567 1136 3626 filium,
1149 3568 1222 3617 fuisse
1234 3572 1287 3617 tum
1299 3568 1391 3627 credit,

372 3661 414 3727 qui
432 3662 521 3713 donum
540 3662 616 3722 illud,
634 3664 700 3727 quod
717 3668 904 3724 commemorat,
922 3663 1114 3713 consecraverit:
1131 3663 1183 3727 ipse
1199 3663 1303 3713 absurda
1320 3662 1394 3728 expli·

372 3759 468 3808 catione
491 3758 619 3809 ostendeus
643 3774 750 3809 errorem
773 3775 843 3809 sunm
861 3759 887 3809 in
905 3759 1013 3810 notando
1031 3763 1139 3824 tempore
1155 3757 1251 3823 imperii
1269 3758 1395 3823 Syracusa-

374 3869 429 3903 rum
446 3868 491 3918 pro
508 3853 610 3918 irnperio
628 3854 708 3905 Gelae.
731 3854 863 3920 Dionysius
879 3854 1108 3913 Halicarnassensis,
1126 3853 1154 3902 L.
1168 3850 1214 3902 VII
1232 3853 1313 3912 initio,
1331 3853 1394 3917 lege·

373 3950 464 3998 tionem
483 3949 559 3998 Rome
576 3948 600 3997 iu
618 3948 725 3999 Siciliam
744 3950 836 3999 venisse
848 3948 908 3999 dicit
921 3949 961 3998 01.
974 3948 1063 3998 LXXII
1074 3964 1096 3998 ο.
1109 3947 1138 3997 2:
1150 3951 1203 3997 tum
1216 3947 1392 3997 nobilissimum

374 4043 469 4093 Siciliae
495 4048 625 4108 tyrannum
650 4044 723 4094 luisse
741 4044 873 4104 Gelonem,
890 4047 990 4108 eccepto
1007 4058 1104 4103 moene,
1121 4045 1218 4103 sunl,
1235 4041 1392 4107 Hippocratis

373 4139 455 4189 fratris
477 4140 589 4204 imperio.
623 4140 656 4189 111
681 4140 779 4191 fratrem
801 4140 870 4189 illurn
896 4140 1003 4189 vocando
1024 4144 1089 4189 certe
1106 4139 1212 4189 errarit:
1230 4153 1314 4189 rerum
1331 4137 1393 4187 illud

373 4224 453 4273 νεωστί
469 4220 498 4269 ed
516 4221 596 4286 ipsum
614 4237 703 4271 aunum
721 4220 872 4270 referendum
891 4236 958 4279 esse,
975 4236 1003 4269 ex
1021 4220 1074 4284 ipso
1092 4219 1224 4269 Pausaniae
1241 4234 1322 4268 errore
1334 4218 1393 4267 sutis

374 4320 481 4379 apparet.
499 4317 532 4366 nt
544 4320 609 4365 certe
621 4316 781 4381 Hippocrates
794 4316 865 4366 Gelae
877 4318 995 4380 tyrannus
1008 4315 1095 4365 fuerat.
1108 4314 1162 4364 Vid.
1171 4313 1261 4363 Herod.
1275 4313 1321 4362 vll
1336 4313 1392 4363 154.

376 4409 413 4461 Cl.
432 4411 525 4460 Bruuet
542 4412 571 4461 de
588 4412 685 4471 Praele,
707 4411 752 4460 Les
773 4411 972 4461 Eteblissemeuta
989 4410 1031 4459 des
1047 4411 1122 4460 Grecs
1138 4425 1166 4459 en
1187 4409 1270 4469 Sicile,
1292 4426 1315 4474 p.
1335 4408 1391 4457 121.

410 4507 436 4568 2)
454 4506 545 4555 Brunet
563 4508 592 4557 de
611 4507 707 4565 Prerle‚
725 4523 780 4571 pag.
800 4508 856 4557 141.
881 4506 952 4556 Diod.
970 4506 1018 4557 Sic.
1036 4505 1069 4555 XI
1086 4506 1127 4556 49.

1230 4604 1266 4663 11
