3725 5542
806 746 845 809 51

319 946 612 1031 consanguineorum
647 966 791 1009 amorem.
844 943 891 1007 En
926 944 1073 1009 Mercurii
1108 944 1170 1007 filia
1205 943 1336 1027 Angelia

318 1063 437 1129 audiens
468 1064 588 1149 Iphion
621 1064 749 1127 nunciet
780 1062 970 1127 Callimacho
1001 1062 1152 1126 illustrem
1185 1062 1331 1125 honorem

319 1179 490 1266 Olympiae,
522 1202 615 1264 quem
639 1202 742 1244 eorum
767 1181 851 1264 genti
874 1179 999 1263 Jupiter
1023 1179 1163 1243 tribuit.’'
1180 1182 1202 1260 Ι)
1250 1178 1336 1241 Diui-

318 1298 381 1362 dem
399 1299 601 1383 Aeginetam,
623 1296 848 1361 adolescentem
869 1295 1008 1361 Nemeae
1025 1297 1187 1373 victorem,
1205 1294 1336 1380 praecla-

319 1436 349 1479 ro
371 1414 499 1479 donavit
521 1416 670 1492 carmine,
695 1400 892 1499 ejusdemque
912 1422 1046 1499 patrem,
1068 1415 1094 1476 si
1113 1413 1180 1477 fieri
1199 1420 1334 1497 poterat,

321 1554 381 1597 eam
410 1534 538 1597 laudem
568 1540 704 1617 spectare
733 1531 888 1607 voluerat,
917 1530 972 1593 sed
995 1538 1098 1595 umen
1122 1532 1188 1616 ejus
1212 1530 1335 1594 decorat

321 1651 511 1715 memoriam:
542 1658 650 1727 „tuam
659 1649 690 1726 ,’'
720 1649 841 1733 iuquit,
870 1647 986 1732 „Mega
993 1696 1003 1727 ‚
1033 1648 1166 1713 enimam
1189 1646 1335 1711 reducere

323 1788 378 1831 uon
401 1789 543 1852 possum:
567 1768 621 1831 sed
643 1766 728 1852 genti
753 1774 824 1831 tuae
847 1788 995 1851 magnum
1018 1773 1175 1831 annuere
1198 1764 1333 1851 lapidem

321 1884 544 1969 musicum.”²)

363 2000 470 2065 Unum
501 2008 596 2067 restat
624 2008 659 2065 ut
686 2024 882 2079 moneamus,
911 2023 974 2065 non
1001 2000 1262 2065 commendavisse
1289 2022 1335 2064 so

323 2118 476 2183 lummodo
510 2118 679 2186 Pindarum
714 2120 818 2189 studia
852 2120 1034 2196 caritatem,
1072 2118 1126 2183 sed
1156 2140 1219 2183 non
1251 2118 1335 2183 aliud

323 2236 505 2319 praeclarius
537 2259 603 2301 esee
634 2237 784 2305 amicitiae
817 2246 847 2303 et
876 2237 1013 2302 caritatis
1040 2237 1215 2323 exemplum
1242 2259 1334 2321 quam

325 2354 387 2436 ipsa
410 2352 534 2437 singula
556 2354 621 2438 ejus
645 2355 788 2427 carmina.
833 2353 922 2433 Quae
946 2376 1039 2437 quam
1062 2360 1199 2419 amanter
1222 2355 1336 2438 scripta

325 2470 401 2547 sint,
431 2477 467 2534 ut
492 2492 540 2535 res
563 2472 648 2555 ejus,
673 2470 712 2542 ed
734 2493 827 2555 quem
850 2471 981 2549 scribat,
1006 2472 1131 2537 omnino
1154 2471 1193 2535 ad
1217 2494 1249 2535 se
1274 2494 1338 2555 per·

324 2588 417 2658 tinere
437 2588 593 2667 ostendet,
611 2590 676 2673 jam
696 2590 800 2674 potuit
820 2612 856 2654 ex
875 2590 913 2653 iis
934 2590 1011 2668 fere,
1029 2612 1107 2673 quae
1122 2588 1337 2677 exposuimus,

325 2706 463 2791 intelligi.
510 2705 569 2771 Sed
600 2706 726 2773 luerunt
757 2708 823 2794 ejus
855 2708 991 2773 carmina
1019 2730 1147 2773 munera
1174 2729 1209 2771 ac
1236 2707 1336 2785 dona,

327 2823 433 2906 quibus
466 2825 650 2908 significaret
680 2848 715 2889 ac
743 2834 905 2891 testaretur
928 2827 1017 2890 suain
1040 2848 1112 2909 erga
1134 2826 1264 2889 victores
1287 2847 1338 2888 vo-

327 2938 489 3019 luntatem,
514 2942 708 3028 firmaretque
732 2952 763 3008 et
785 2944 964 3009 conciliaret
987 2944 1047 3009 sibi
1066 2966 1171 3008 eorum
1193 2965 1336 3008 amorem.

329 3056 489 3145 Comparat
519 3084 576 3125 sua
606 3062 743 3127 carmina
770 3064 903 3139 nectari,
931 3062 1015 3147 quod
1040 3062 1150 3126 fundat
1173 3062 1338 3144 mittatque

329 3175 507 3242 victoribus:
521 3178 545 3262 8)
576 3189 734 3265 comparat
761 3202 870 3245 aureae
898 3188 1036 3265 paterae,
1065 3202 1159 3263 quam
1182 3200 1267 3243 socer
1290 3200 1339 3264 ge·

329 3315 395 3359 uero
427 3295 545 3363 tribuat
575 3299 608 3361 in
639 3298 828 3383 sponsalium
859 3298 1079 3363 celebratione:
1097 3300 1123 3379 ⁴)
1154 3295 1337 3381 inscriptum

329 3411 356 3476 in
383 3436 441 3478 sua
469 3422 571 3479 mente
600 3416 761 3495 rictorem,
786 3417 837 3481 cui
861 3438 982 3481 carmen
1006 3416 1133 3493 debeat,
1157 3415 1265 3492 habet,
1291 3414 1340 3478 de·

328 3530 485 3617 bitumque
516 3534 608 3599 soluit
638 3557 710 3601 oum
740 3536 880 3615 foenore:
899 3538 921 3620 5)
953 3535 1078 3599 omnino
1111 3534 1172 3598 fuit
1202 3534 1340 3617 sapiens:

326 3648 375 3725 sed
397 3651 580 3735 sepientiam
604 3674 690 3717 suam
715 3660 744 3716 et
768 3653 834 3717 Deo
858 3676 889 3717 se
914 3652 1024 3717 debere
1047 3652 1203 3736 professus
1225 3661 1288 3728 est,
1309 3656 1341 3713 et

328 3766 458 3833 fructum
483 3770 549 3853 ejus
573 3768 611 3833 ad
635 3771 748 3840 amicos
773 3772 924 3856 pertinere
949 3769 1057 3834 voluit.
1070 3770 1097 3852 6)

334 3952 496 3965 ..—

359 4058 384 4119 l)
402 4059 439 4109 01.
461 4058 536 4108 VIII.
554 4059 593 4108 98.
691 4060 717 4121 2)
735 4060 800 4109 Nem.
822 4059 896 4109 rm.
914 4059 957 4112 7⁶.
1058 4059 1083 4119 8)
1104 4059 1142 4107 01.
1164 4058 1222 4107 m.
1241 4058 1283 4111 le.

357 4154 381 4211 4)
399 4153 435 4202 01.
457 4153 517 4201 VII.
536 4154 559 4203 1.
692 4156 717 4216 l)
737 4154 773 4205 01.
791 4154 821 4205 Χ.
841 4154 864 4203 1.
1059 4152 1084 4213 0)
1105 4153 1142 4202 01.
1159 4153 1205 4203 xl.
1224 4153 1248 4202 8.
