3725 5542
1313 772 1332 817 V

324 955 432 1033 ciliari,
459 956 590 1021 Heusdii
612 955 799 1040 discipulum
815 956 1067 1055 amantissimum.
1092 954 1227 1021 Omnino
1242 956 1331 1021 illum

325 1088 436 1163 amari,
464 1094 496 1150 et
518 1086 571 1151 ille
594 1086 741 1149 dilectum
765 1108 931 1171 earumque
954 1108 1002 1150 me
1026 1086 1145 1151 hebuit,
1189 1087 1333 1151 'lusere

325 1218 415 1281 semel
438 1226 592 1301 grrstmm
615 1218 811 1301 antiquarum
837 1218 993 1281 literarum
1015 1217 1053 1281 ad
1073 1217 1150 1282 bene
1168 1216 1328 1281 vivendum

326 1349 492 1413 ubertatem
533 1348 698 1413 retinuisti.
744 1348 912 1433 Quumque
952 1358 1024 1412 ante
1061 1349 1121 1413 boc
1154 1349 1333 1413 sexennium

326 1478 460 1563 Philippi
498 1478 727 1557 Melanthonis,
765 1502 855 1565 quem
888 1480 1120 1565 Praeceptorcm
1152 1478 1333 1547 Germaniae

325 1616 395 1673 tuae
424 1608 615 1695 appellabas,
639 1612 784 1675 memoria
806 1612 888 1695 apud
911 1606 971 1674 vos‘
989 1630 1102 1694 perque
1120 1580 1235 1694 ¹gentes
1258 1608 1334 1673 cele-

325 1740 480 1816 braretur,
511 1740 602 1803 multi
632 1739 733 1804 denno
764 1741 796 1804 in
829 1740 956 1826 reliquis
986 1740 1070 1805 illius
1101 1740 1158 1804 viri
1189 1738 1333 1803 laudibus

326 1870 511 1955 exponendis
534 1870 675 1955 occupati
698 1871 840 1935 luerunt:
872 1880 908 1935 tu
932 1892 1002 1935 vero
1025 1872 1103 1935 libro
1127 1870 1276 1955 singulari
1299 1869 1333 1933 id

327 2001 517 2084 potissimum
540 2003 726 2085 exposuisti,
750 2002 904 2086 quomodo
927 2002 980 2067 ille
1003 1968 1249 2066 adolescentibus
1266 2001 1333 2085 pln-

327 2131 411 2195 rimis
434 2132 598 2215 profuisset
620 2133 757 2219 linguam
781 2134 928 2198 Graecam
945 2134 1151 2219 Latinumque
1166 2132 1333 2196 tradendo:

328 2270 358 2325 ct
387 2262 541 2346 quomodo
572 2264 657 2328 illius
687 2264 792 2329 schola
824 2267 868 2329 its
891 2264 929 2330 ad
952 2288 1054 2330 veram
1078 2266 1109 2329 in
1134 2264 1257 2328 homine
1280 2263 1337 2327 bu·

328 2395 505 2459 manitatem
527 2395 721 2461 excolendam
746 2398 961 2481 pertinuisset,
986 2404 1023 2461 ut
1042 2398 1177 2482 ingenua
1191 2404 1332 2481 pectora,

330 2548 364 2589 er
395 2526 480 2590 fonte
511 2528 636 2611 pereuni
668 2527 803 2592 Graecae
826 2528 1017 2611 antiquitatis
1040 2528 1255 2611 Romanaeque
1277 2548 1334 2589 nu·

328 2658 414 2733 trita,
438 2656 628 2740 adspicerent
643 2664 674 2721 et
690 2658 946 2743 amplecterentur
960 2658 1054 2723 Illum
1072 2658 1200 2722 Divinae
1217 2656 1337 2741 sapien·

327 2788 387 2851 tiae
416 2788 632 2873 interpretem,
664 2789 718 2873 qui
750 2796 781 2854 et
811 2790 986 2854 viventibus
1012 2790 1101 2855 nobis
1124 2798 1155 2853 et
1178 2789 1335 2853 morituris

329 2920 498 3005 exemplum
523 2920 701 3004 reliquerit,
726 2928 762 2985 ut
784 2920 994 2985 insisteremus
1018 2923 1083 3007 ejus
1098 2920 1244 3006 vestigiis.
1268 2920 1336 2984 Tali

329 3057 380 3128 tu,
412 3052 457 3115 vir
484 3052 616 3137 optime,
641 3054 793 3117 sententia
815 3052 891 3131 boc,
915 3054 998 3137 quod
1020 3053 1078 3118 tibi
1100 3052 1199 3129 dono,
1223 3071 1337 3115 munus

330 3204 429 3246 meum
461 3184 592 3269 accipies
623 3206 686 3248 non
717 3190 838 3249 tantum
869 3185 899 3249 iu
932 3185 1043 3249 bonam
1072 3192 1205 3268 partem,
1229 3154 1335 3247 verum

330 3314 419 3378 etiam
442 3322 580 3379 amanter
603 3316 749 3401 accipies:
773 3338 884 3402 meque
906 3318 1006 3402 ipsum
1030 3338 1067 3381 eo
1090 3316 1187 3399 magis
1202 3314 1338 3391 amabis,

331 3447 400 3529 quia
423 3446 549 3512 videbor
572 3446 629 3512 tibi
654 3468 689 3512 ea
712 3448 832 3527 studia,
857 3472 991 3536 quorum
1015 3470 1071 3515 nos
1089 3447 1246 3537 copularit
1260 3467 1340 3511 com·

330 3577 452 3652 munio,
478 3578 615 3643 nondum
639 3596 693 3664 per
715 3579 867 3665 ignaviam
892 3582 1072 3648 deseruisse.

372 3704 462 3771 Oerte
485 3710 575 3772 etiam
600 3711 752 3774 contraria
775 3715 919 3797 cognovit
941 3716 1121 3799 antiquitas
1156 3715 1222 3780 Nec
1238 3717 1340 3801 probi·

301 3898 306 3913 ,
329 3844 376 3900 tas
398 3840 497 3903 multo
521 3840 677 3925 antiquior
699 3842 793 3907 fuisse
816 3845 954 3929 putanda
976 3856 1023 3911 eat
1046 3848 1257 3932 improbitate,
1270 3870 1338 3911 -nec

330 3969 485 4034 mendacio
518 3972 645 4035 veritas:
674 3992 770 4056 quum
789 3977 853 4060 jam
876 3976 1019 4042 Callicles
1042 3980 1074 4043 in
1099 3980 1236 4043 Platonis
1260 3980 1339 4043 Gor·

330 4100 379 4181 gia
408 4122 472 4164 eam
500 4100 622 4165 demum
646 4102 703 4166 viri
726 4104 819 4168 vitam
844 4128 914 4171 vore
937 4109 1155 4172 nominandam
1180 4130 1244 4173 esse
1267 4132 1341 4173 cou-

330 4230 476 4308 tenderit,
500 4233 526 4296 si
550 4233 619 4315 quis
644 4242 747 4320 posset
764 4236 891 4321 impune
910 4261 1003 4322 quam
1019 4241 1239 4325 injustissimus
1256 4264 1339 4316 csse,

330 4360 481 4428 &crtum
510 4372 613 4429 autem
638 4374 744 4431 eontra
767 4388 803 4431 ea
825 4368 1034 4473 disputantem
1058 4374 1177 4456 nugari.
1225 4370 1341 4435 Conve-

330 4492 430 4557 niebat
453 4493 593 4559 Socrates
616 4496 750 4562 Pindaro
773 4508 878 4563 nostro
902 4504 1100 4589 praecipienti
