3725 5542
954 654 1018 715 358

531 858 561 919 8.
596 853 700 931 αὔξων.
736 854 884 919 Similiter
914 854 968 939 Py.
1001 854 1083 919 VIII
1114 858 1155 918 53
1187 854 1282 930 ιιῦξωι
1311 852 1488 931 δὲπιὶτριιν.

486 974 593 1060 Enrip.
618 974 720 1059 Iphig.
745 972 818 1037 Aul.
843 976 925 1039 571:

837 1092 1005 1172 ἐιὲιιδριὶιι
1028 1093 1053 1157 δ’
1075 1089 1114 1159 at

749 1210 856 1287 ιιὸσριις
878 1212 944 1275 εἰῶι
966 1213 979 1276 ὂ
1001 1226 1157 1291 μυριοπλη·

749 1330 798 1402 θὴς
820 1328 909 1409 μείζω
932 1330 1017 1395 πάλιν
1038 1328 1132 1407 αὔξει.

484 1446 572 1511 Plato
595 1446 633 1511 de
656 1446 731 1533 Leg.
756 1446 785 1508 V
809 1449 889 1511 531:
913 1449 1109 1530 φιλινειιιείτιι
1132 1448 1162 1511 δὲ
1184 1451 1254 1524 ἡμῖν
1269 1451 1330 1519 πᾶς
1346 1446 1414 1525 πρὸς
1429 1446 1493 1524 α’ρε·

484 1569 536 1640 τὴν
566 1567 713 1647 imisue·
745 1568 759 1631 d
788 1570 843 1643 μὲν
872 1568 931 1648 γὰρ
962 1574 1086 1639 τοιοῦτος
1114 1568 1172 1638 τὰς
1194 1566 1293 1637 πόλεις
1316 1563 1418 1640 arlia:
1442 1564 1493 1628 cni

485 1684 653 1769 opponitur
674 1684 834 1769 deinceps:
859 1684 1046 1766 σμικροτέραν
1066 1687 1158 1759 αὐτὴν
1179 1685 1247 1762 πρὸς
1262 1681 1392 1759 εῠὶοξίιιι
1405 1683 1495 1761 ἀτερ-
1518 1671 1522 1680 ’

484 1801 621 1883 caignes.
668 1801 726 1866 Est
755 1824 827 1887 erge
859 1804 994 1888 positum
1025 1803 1058 1867 in
1081 1802 1189 1868 decore
1212 1802 1352 1887 egregio,
1376 1800 1493 1865 civitati

486 1919 648 2005 adjuncto:
673 1928 704 1983 et
727 1942 797 1983 vero
820 1922 928 2005 quenti
951 1920 1093 1986 habitum
1114 1918 1495 2003 faerit,victorie015m·

486 2038 554 2123 pica
577 2060 684 2102 ornare
707 2038 854 2123 patriam,
884 2060 980 2125 quum
1002 2040 1035 2103 in
1057 2038 1183 2103 Pindari
1206 2038 1410 2124 explicatione
1431 2059 1494 2102 non

487 2156 584 2239 possit
606 2156 698 2221 nimis
720 2179 810 2242 saepe
834 2157 910 2235 dici,
931 2169 1003 2222 ante
1018 2157 1211 2223 Alcibiadem
1225 2179 1386 2241 nunquam
1400 2156 1496 2220 Athe·

486 2275 535 2339 nis
566 2296 625 2340 usn
655 2284 797 2353 venerat,
828 2276 889 2339 nisi
920 2274 1083 2361 Olympiae
1108 2275 1292 2355 victoribus,
1316 2283 1353 2340 ut
1375 2274 1496 2339 coronis

488 2392 587 2457 aureis
618 2394 780 2478 aeneisque
812 2392 905 2479 vulgo
928 2393 1134 2458 donarentur:
1158 2393 1312 2479 iidemque
1336 2382 1496 2458 elebantur

367 2584 369 2589 ,
487 2512 520 2575 ίιι
551 2511 721 2595 Prytaneo,
754 2519 914 2598 propterea
944 2512 1027 2597 quod
1050 2514 1206 2577 civitatem
1228 2512 1349 2578 felicem
1370 2511 1497 2577 reddere

459 2650 463 2657 ·
489 2618 680 2695 videbantur.
701 2632 724 2715 ¹)
769 2630 872 2697 Etiam
907 2631 1090 2716 praeclarius
1125 2654 1198 2717 ergo
1231 2632 1309 2709 fnit,
1344 2639 1497 2696 recentem

489 2747 546 2812 hac
568 2748 660 2813 laude
683 2749 808 2813 evehere
831 2750 997 2815 civitatem.

538 2868 587 2930 10.
621 2867 740 2945 βωμοὺς
770 2865 803 2943 ἐξ
828 2867 970 2945 mamea.
1005 2867 1119 2933 Nescio
1142 2890 1204 2952 qno
1227 2890 1327 2933 errore
1349 2868 1382 2931 in
1405 2868 1497 2932 inter·

491 2985 660 3071 pretatione
689 2985 803 3050 Latina
832 2987 940 3072 scripsi
969 2986 1018 3052 bis
1044 3009 1149 3063 senas,
1173 2994 1204 3051 et
1224 2987 1258 3051 in
1280 2985 1497 3051 dissertatione

491 3103 529 3167 de
553 3102 679 3168 Pindari
702 3102 873 3189 Sapientia,
898 3128 967 3191 pag.
988 3107 1048 3183 46,
1069 3104 1117 3169 bis
1137 3127 1204 3169 aer:
1220 3103 1418 3169 scribendum
1432 3126 1497 3169 esse

490 3243 543 3286 scx
572 3222 710 3307 geminas
740 3222 828 3286 facile
855 3223 956 3307 quivis
978 3222 1136 3308 intelligit.
1182 3221 1290 3287 Fuisse
1313 3229 1416 3287 eutem
1438 3229 1498 3285 tra·

491 3338 608 3405 duntur
642 3340 740 3425 prima
772 3339 858 3405 Jovie
892 3350 924 3405 et
954 3339 1111 3427 Neptuni,
1142 3341 1277 3407 secunda
1304 3340 1438 3404 Jnnonis
1468 3347 1498 3403 et

492 3457 664 3535 Minervae,¹
686 3458 778 3523 tertia
801 3458 947 3524 Mercurii
966 3468 998 3524 et
1013 3459 1182 3546 Apollinis,
1199 3467 1308 3543 quarta
1322 3458 1497 3524 Gratiarum

493 3583 524 3641 et
555 3576 685 3653 Bocchi,
716 3577 825 3661 quinta
856 3577 974 3642 Dianae
1005 3593 1037 3642 et
1059 3577 1189 3664 Alphei,
1212 3584 1299 3642 sexta
1320 3577 1445 3643 Saturni
1467 3585 1499 3643 ct

493 3692 606 3759 Rhene.

541 3815 591 3877 ll.
626 3813 758 3895 ἐγέραιρεν
781 3839 808 3880 ι
824 3840 854 3881 τ.
870 3832 900 3879 r..
935 3814 984 3878 Er
1002 3814 1051 3879 his
1067 3814 1233 3879 effecerunt
1247 3813 1388 3900 quidam,
1406 3814 1500 3879 Psan-

493 3930 606 3996 midem
638 3940 669 3996 et
698 3932 855 4018 quadrigis
886 3940 917 3997 et
944 3932 1040 3997 rheda
1061 3932 1170 3997 mulari
1194 3941 1225 3997 et
1248 3954 1327 4017 eque
1350 3932 1500 4018 singulari

495 4049 617 4114 vicisse:
650 4063 686 4116 nt
716 4060 762 4115 cst
788 4054 853 4138 jam
880 4052 913 4115 in
937 4059 1037 4116 vetere
1059 4050 1192 4116 scholio:
1216 4051 1360 4128 ἐκόσμησε
1381 4051 1411 4115 δὲ
1432 4051 1498 4123 τοὺς

494 4168 613 4248 βωμοὺς
651 4171 769 4246 νικήσας
806 4168 919 4247 ἵπποις,
956 4172 1114 4251 τεθρίππῳ,
1150 4170 1272 4248 ἡμιόνοις
1304 4169 1354 4234 nal
1388 4170 1497 4244 κέλητι.

531 4426 552 4487 l)
571 4425 631 4491 Nep.
649 4426 726 4476 Alcib.
745 4426 786 4476 Vl.
803 4426 872 4475 Plato
890 4426 962 4492 Apol.
979 4426 1044 4476 Socr.
1062 4443 1085 4493 p.
1102 4427 1135 4475 Sd
1150 4428 1175 4477 d.
