3725 5542
944 656 1009 716 264

469 857 569 940 regiae
593 856 752 939 dignitatis
775 876 934 939 uunquam
959 878 977 917 a
999 853 1134 919 Pindaro
1153 857 1227 940 poni
1247 878 1319 919 cum
1335 855 1486 939 adjectivo

469 975 658 1060 possessivo,
683 996 788 1038 verum
812 995 930 1057 semper
954 995 1025 1037 cum
1047 973 1184 1058 genitivo
1208 973 1332 1058 plurali.
1371 973 1487 1037 Tamen

469 1100 589 1179 poterat
604 1092 635 1156 id
652 1093 728 1158 lieri.
752 1091 812 1157 Sed
827 1091 965 1169 βασιλῆα
980 1114 1072 1156 soum
1088 1092 1272 1177 adjectivum
1288 1090 1488 1173 ἱπποχάρμαν

469 1212 579 1289 habet,
603 1211 719 1297 gentile
742 1232 812 1275 curn
836 1210 983 1275 δεσπάιαν
1005 1209 1257 1295 conjungendum
1281 1218 1338 1273 est.

516 1332 569 1395 35.
605 1328 813 1410 ἱπποχάρμαν.
864 1327 968 1408 Χάρμος
997 1336 1044 1391 est
1066 1350 1188 1413 pugna,
1220 1326 1307 1391 velut
1329 1327 1423 1392 Hom.
1446 1326 1486 1391 Il.

471 1448 568 1513 XVII
593 1450 676 1525 602,
704 1446 815 1528 χάρμα
838 1446 1005 1531 gaudium,
1030 1444 1115 1510 velut
1137 1445 1253 1510 ibidem
1277 1448 1352 1510 636.
1391 1449 1489 1511 ‘lm

470 1567 592 1647 χάρμης
624 1572 809 1650 utrumque,
841 1574 878 1629 ut
908 1564 1057 1642 arbitror,
1089 1565 1261 1649 significare
1288 1572 1407 1649 potest,
1433 1565 1488 1649 qui

473 1692 588 1770 pugnat
613 1706 650 1749 ex
673 1705 753 1768 equo
772 1684 872 1767 etqui
890 1682 1062 1747 delectatur
1077 1682 1182 1766 cquis:
1206 1682 1292 1766 prior
1306 1682 1489 1767 significatio

472 1802 511 1865 ad
542 1799 681 1866 bellicam
712 1800 839 1886 gloriam
872 1800 1023 1885 pertinet,
1056 1800 1205 1886 posterior
1234 1799 1274 1863 ad
1297 1807 1488 1886 praesentem

473 1921 638 2007 pertineret
653 1918 846 2005 Olympicum
863 1919 1009 1984 Hieronis
1024 1918 1163 2004 gloriam.
1192 1918 1286 1984 Hand
1302 1942 1375 1985 sane
1391 1920 1488 1984 Hiero

473 2038 583 2103 bellica
614 2038 736 2103 carebat
759 2038 874 2123 gloria,
906 2046 938 2103 et
960 2038 1077 2123 proelio
1100 2037 1140 2101 ad
1163 2038 1321 2102 Himeram
1343 2037 1489 2102 adversus

473 2155 740 2241 Carthaginienses
771 2156 853 2219 facto
883 2156 1073 2221 interfuerat.
1128 2158 1233 2241 Atque
1264 2157 1308 2221 ita
1338 2156 1488 2220 hocloco

473 2275 622 2359 scriptum
646 2296 711 2338 esse
734 2273 843 2351 credo,
868 2281 904 2337 ut
926 2274 992 2358 regi
1014 2272 1170 2339 tribuatur
1192 2296 1263 2360 rege
1282 2274 1413 2358 dignum
1428 2275 1490 2359 epi-

473 2391 582 2457 theton
606 2391 748 2455 militaris
771 2390 896 2476 gloriae.
931 2392 1013 2456 Sunt
1035 2391 1135 2456 multa
1157 2392 1290 2470 similia,
1315 2393 1488 2479 proximum

475 2510 678 2574 similitudine
701 2508 924 2592 ἱππιοχάρμης,
949 2509 1032 2595 apud
1055 2509 1225 2574 Homerum
1240 2510 1279 2574 Il.
1296 2509 1406 2573 XXIV
1425 2512 1487 2575 257

476 2628 603 2707 upana
625 2628 844 2711 ἱππιοχάρμην,
869 2628 953 2712 apud
981 2627 1169 2713 Aeschylum
1190 2627 1276 2692 Pers.
1300 2630 1342 2692 29
1365 2626 1491 2709 Ἀρτεμ-

476 2747 570 2826 βάρης
601 2744 624 2811 θ’
655 2744 870 2826 ἱππιοχάρμης.
917 2745 999 2811 Tum
1029 2745 1217 2823 ἱππο2αμος,
1245 2746 1329 2831 apud
1351 2756 1491 2811 nostrum

478 2862 568 2929 Nem.
593 2862 640 2927 [V
664 2864 707 2927 48
731 2861 823 2943 ἥρωας
845 2863 1045 2947 ἱπποδάμους,
1074 2864 1158 2949 apud
1181 2862 1353 2929 Homerum
1376 2864 1415 2929 H.
1439 2863 1493 2928 HI

479 2986 542 3049 237
568 2982 705 3063 Κάστορά
727 2981 753 3045 θ’
776 2982 954 3060 ἱππόδαμον.
993 2982 1090 3047 Porro
1112 2982 1240 3057 ἱππότης
1263 2983 1320 3068 Py.
1343 2982 1391 3046 IV
1411 2984 1492 3060 272,

479 3102 517 3165 Π.
549 3100 584 3165 Π
615 3102 698 3179 336,
730 3101 944 3180 ἱπποκορυστάς
974 3100 1014 3165 H.
1045 3099 1081 3164 Π
1115 3104 1151 3165 l:
1182 3098 1357 3178 ἱππηλάτας
1384 3100 1424 3165 H.
1446 3100 1495 3164 Iv

479 3222 563 3285 387:
587 3220 695 3291 ἱππεύς
719 3218 758 3282 Il.
783 3217 871 3282 XVI.
897 3220 950 3283 20.

525 3342 579 3403 38.
614 3337 734 3420 ἕποικὶρ.
776 3337 900 3401 Poterat
924 3338 1016 3402 etiam
1041 3337 1145 3421 aliquo
1168 3336 1261 3402 modo
1276 3336 1338 3402 dici
1353 3340 1494 3415 άποιιιὶα,

479 3458 504 3521 si
538 3456 651 3542 Pelops
686 3455 856 3521 habebatur
891 3478 946 3543 pro
981 3456 1078 3521 altero
1109 3456 1198 3520 Pisae
1228 3456 1406 3521 conditore:
1441 3455 1494 3521 sed

481 3575 602 3663 proprie
632 3575 692 3638 fuit
723 3575 834 3647 ἔποικος
858 3576 923 3661 ejus
946 3576 1052 3654 urbis,
1076 3576 1220 3660 migravit
1241 3576 1276 3639 in
1298 3598 1365 3639 eam
1388 3573 1496 3639 urbem

481 3702 512 3759 et
535 3716 601 3758 eam
625 3694 735 3757 tenuit.

527 3816 580 3876 38.
618 3818 669 3877 τοῦ
703 3814 897 3889 μεγασθενὴς.
957 3812 1105 3877 Fabulam
1141 3812 1312 3877 secundum
1346 3818 1498 3877 vetustam

483 3931 681 3995 traditionem
715 3953 837 3996 namara
868 3931 1024 4010 institnit,
1058 3954 1129 3995 mox
1161 3939 1263 3996 tamen
1294 3931 1500 4016 abrupturus,

484 4048 671 4133 caedemque
694 4049 817 4135 Pelopis
840 4050 1020 4135 rejecturus.
1059 4049 1155 4114 Nunc
1177 4072 1249 4115 vero
1263 4050 1356 4128 λέβης
1371 4049 1424 4113 ille
1439 4054 1500 4126 est,

483 4168 515 4231 in
548 4189 610 4253 qno
642 4166 756 4230 Clotho
779 4166 944 4252 Pelopem,
978 4168 1149 4233 aTantalo
1173 4190 1313 4245 caesum,
1345 4177 1501 4232 recoxerat

484 4294 514 4350 et
531 4286 609 4350 vitae
624 4286 819 4363 restituerat,
843 4286 1012 4351 eburneum
1033 4310 1104 4352 vero
1121 4287 1285 4351 humerum
1300 4308 1355 4372 pro
1371 4287 1500 4350 humero

396 4470 400 4477 ,
485 4428 503 4468 a
533 4404 642 4469 Cerere
672 4425 792 4468 comeso
824 4404 995 4470 addiderat.
1041 4405 1190 4492 Epitheto
1216 4407 1341 4485 καθαροῦ
1363 4426 1444 4481 non,
1466 4404 1500 4467 id
