3725 5542
1002 711 1068 773 824

661 911 732 979 όταν
755 911 784 977 δὲ
806 912 929 993 νθμψρς
953 910 1002 975 καὶ
1026 912 1202 988 τελευτήσῃς
1224 910 1306 986 βίον,

662 1033 721 1104 θεός
743 1034 895 1107 κεκλήσει,
919 1031 971 1094 καὶ
995 1030 1152 1109 Διοσκόρων
1174 1030 1256 1105 μέτα

659 1151 785 1215 σπονδῶν
807 1148 953 1228 μεθέξεις·
976 1147 1058 1225 ξένιά
1078 1149 1110 1213 'a'
1132 1149 1282 1227 ανθρώπων
1305 1148 1388 1227 πάρα

659 1268 732 1347 ἕξεις
755 1271 819 1347 μεθ’
842 1273 939 1345 ἡμῶν·
962 1270 1035 1339 Ζεὺς
1057 1268 1117 1346 rai?
1140 1265 1193 1332 ὦδε
1215 1267 1368 1345 βούλεται.

527 1390 568 1453 Et
591 1388 644 1453 Or.
673 1390 757 1451 1684
782 1388 895 1474 Apollo
918 1387 957 1451 de
980 1386 1085 1450 eadem

969 1508 1028 1583 ἐγὼ
1054 1506 1079 1569 δ’

749 1627 867 1699 Ἑλένην
889 1624 978 1699 Ζηνός
999 1625 1151 1702 μελάθροις
1173 1625 1314 1699 πελάσω,

860 1783 904 1793 -
927 1744 986 1816 θεός
1009 1746 1161 1824 όνθρόποις

748 1864 850 1940 ἔσται,
874 1864 1011 1935 σπονδαῖς
1035 1863 1147 1941 ἔντιμος
1169 1864 1234 1938 dcl,

747 1983 799 2048 σὺν
820 1982 1029 2076 Τυνδαρίδαις,
1053 1990 1112 2055 τοῖς
1135 1982 1204 2054 Διὸς
1225 1983 1304 2054 υἱοῖς.

572 2108 601 2167 5.
637 2101 723 2179 ὕμνον
744 2103 885 2183 ὀρθώσαις.
918 2100 1066 2166 Similiter
1087 2100 1139 2165 Ol.
1163 2100 1229 2164 VH
1252 2103 1293 2164 39
1317 2099 1459 2180 διορθῶσαι
1483 2101 1532 2165 λό-

523 2243 585 2299 γον.
616 2220 729 2287 ”Acron
752 2221 903 2306 exquisite
925 2219 1015 2298 dicit,
1034 2220 1123 2305 quasi
1142 2221 1266 2286 ἔπαινον.
1303 2217 1421 2283 Eodem
1439 2216 1531 2282 modo

523 2337 574 2403 Ol.
599 2338 627 2399 V
653 2342 669 2403 1
695 2342 812 2420 ὑψνλῖιν
834 2341 943 2421 ιὶρετᾶν
963 2339 1014 2407 sal
1035 2338 1190 2422 στεφόνιον
1212 2337 1304 2403 ἄατον
1326 2339 1448 2416 ymnos.
1491 2336 1531 2400 Et

524 2456 605 2521 Vm
629 2460 670 2521 99
693 2458 807 2540 Φρόσαι
829 2465 932 2539 χειρῶν
954 2457 1047 2523 ἄωτον
1069 2459 1200 2523 ἐπίνικον.

570 2579 598 2642 7.
641 2558 712 2643 οὕτω
743 2578 781 2641 ad
815 2577 1031 2663 conjungenda
1064 2578 1139 2641 haec
1172 2598 1242 2641 cum
1276 2574 1528 2640 antecedentibus

521 2698 668 2781 pertinet:
700 2696 745 2760 ite
775 2697 907 2783 quippe,
938 2706 975 2761 ut
1004 2694 1155 2759 Theronis
1186 2695 1345 2759 victoriam
1371 2716 1529 2771 canerem,

519 2816 640 2879 adstitit
662 2816 739 2880 mihi
762 2816 863 2881 Musa.
904 2814 1081 2897 Ἔναρμόξαι
1104 2824 1151 2880 est
1174 2814 1338 2901 explicatio
1361 2814 1445 2878 vocis
1467 2814 1527 2895 τρό-

520 2958 588 3017 πον,
611 2934 753 3000 similiter
775 2958 810 2999 ac
834 2957 867 2999 vs
894 2937 933 2999 16
957 2934 1129 2999 infinitivus
1152 2935 1299 3011 συμμίξαι
1318 2932 1356 2996 ad
1378 2932 1529 3018 explican-

519 3053 593 3117 dum
625 3048 850 3119 substantivum
874 3055 957 3134 χρέος
981 3054 1123 3139 pertinet
1169 3053 1381 3130 Ἀρλαόιαομον
1405 3074 1467 3115 non
1489 3050 1527 3115 ad

518 3172 637 3251 φανόν,
673 3171 727 3237 sed
762 3172 800 3237 ad
834 3174 936 3254 τρόπον
971 3171 1163 3237 referendum
1197 3180 1261 3251 est,
1294 3168 1335 3233 cf
1355 3168 1405 3234 01.
1430 3169 1460 3233 X
1484 3172 1526 3233 93

518 3291 566 3355 τόν
589 3292 732 3369 ἐγκώμιον
753 3291 837 3372 ἀμφὶ
862 3291 975 3371 τρόπον.
1031 3352 1037 3367 ,

566 3412 615 3474 11.
650 3412 798 3490 χαίταισι.
834 3408 985 3487 Victoris,
1010 3432 1073 3473 non
1097 3429 1256 3494 equorum.
1303 3406 1450 3473 Similiter
1473 3405 1524 3470 Ol.

519 3526 596 3591 XIV
620 3531 673 3593 35.

565 3650 615 3711 12.
651 3648 805 3723 θεόδματον
827 3648 921 3728 χρέος.
957 3645 1030 3711 Non
1053 3644 1249 3723 crediderim,
1272 3644 1438 3709 Pindarum
1458 3668 1526 3730 pro

517 3767 634 3830 misisse
656 3766 790 3831 'lberoni
814 3788 950 3845 carmen,
975 3789 1080 3830 verum
1102 3766 1147 3830 ita
1169 3766 1198 3830 ci
1221 3765 1397 3830 devinctum
1416 3772 1448 3829 et
1467 3765 1526 3829 vio·

517 3885 596 3948 toria
626 3886 692 3970 ejus
723 3885 907 3951 delectatum
938 3886 1049 3963 fnisse,
1081 3893 1135 3963 ut,
1167 3906 1264 3967 quum
1295 3884 1347 3948 Dii
1376 3884 1456 3947 banc
1477 3882 1524 3946 illi

455 4080 459 4091 Ι
516 4002 713 4080 tribuissent,
745 4003 804 4069 sibi
835 4005 872 4068 ab
895 4004 1004 4069 iisdem
1028 4005 1118 4069 dulce
1141 4002 1271 4069 canendi
1293 4024 1407 4067 munus
1428 4002 1525 4087 impo

516 4122 610 4185 situm
633 4122 830 4187 existimaret.

564 4243 613 4303 rs.
649 4241 771 4321 ιειμιρο
794 4242 897 4307 eran.
930 4243 997 4306 ant
1016 4241 1228 4327 significantur
1246 4240 1395 4315 cemus,
1408 4210 1522 4303 'eorem

516 4357 650 4422 Deorum
679 4380 805 4424 munere
837 4359 909 4424 data
932 4360 1117 4437 victoribus,
1141 4382 1203 4444 quo
1225 4358 1273 4423 illi
1295 4356 1406 4423 dedere
1429 4359 1522 4422 victo

514 4479 607 4541 nam:
633 4488 686 4541 ant
709 4500 787 4563 quae
810 4479 862 4543 Dii
886 4479 1031 4545 cordibus
1054 4488 1212 4564 poetarum
1231 4477 1417 4562 impertiant.
1449 4476 1521 4541 Pos·
1558 4536 1564 4543 .
