3725 5542
1020 742 1061 803 50

529 944 633 1007 hmta:
654 942 801 1005 Memnon
818 940 961 1004 admovet
977 941 1096 1004 hastam
1111 941 1287 1007 robustam:
1304 944 1449 1009 Messenii
1465 947 1548 1009 senis

526 1082 677 1124 concussa
700 1082 786 1125 mens
811 1060 931 1123 vocavit·
955 1081 1045 1123 suum
1069 1059 1186 1137 filium,
1211 1083 1311 1145 neque
1333 1062 1421 1126 humi
1442 1086 1546 1126 rocem

527 1182 654 1265 abjecit:
677 1179 800 1243 divinus
822 1180 867 1242 vir
887 1180 963 1243 emit
979 1188 1077 1242 morte
1092 1179 1185 1243 vitam
1204 1180 1318 1265 patris,
1336 1181 1483 1265 visusque
1500 1194 1545 1244 est

528 1306 720 1361 vetustorum
751 1296 908 1361 hominum
938 1296 1202 1374 adolescentibus,
1236 1298 1387 1362 immenso
1410 1299 1547 1383 perfecto

527 1437 636 1499 opere,
660 1436 799 1479 summus
819 1436 884 1477 esse
905 1436 977 1497 erga
993 1426 1133 1499 parentes
1149 1415 1272 1499 pietate.
1307 1415 1368 1479 Illa
1384 1418 1546 1499 praeterie-

527 1542 609 1597 runt.
646 1532 761 1597 Eorum
784 1554 870 1610 vero,
893 1532 947 1615 qui
966 1554 1052 1596 nnuc
1072 1540 1162 1607 sunt,
1184 1531 1396 1617 Thrasybulus
1411 1536 1544 1599 maxime

526 1650 564 1714 ad
590 1660 747 1735 paternam
771 1672 910 1714 normam
934 1651 1035 1726 venit,
1061 1658 1235 1735 patruoque
1258 1652 1383 1716 veniens
1405 1652 1544 1717 ostendit

527 1768 683 1830 laetitiam.
717 1766 842 1830 Gaudet
857 1766 1034 1830 adolescens
1049 1767 1254 1843 continentia,
1268 1768 1408 1852 justitia,
1424 1771 1545 1854 sapien·

529 1885 589 1961 tia,
621 1884 734 1948 studiis
766 1884 978 1967 equestribus,
1011 1882 1174 1967 dulcisque
1206 1885 1345 1949 eimem
1368 1892 1433 1963 ert,
1457 1896 1489 1951 et
1511 1888 1544 1951 in

528 2001 680 2066 sodalium
704 2003 844 2066 convivio
867 2012 993 2087 superat
1015 2003 1120 2086 apium
1143 2002 1372 2067 dulcedinem.''
1388 2002 1413 2086 ¹)

572 2120 623 2183 Sic
648 2120 772 2204 quidem
796 2120 912 2205 optima
936 2120 1087 2183 amicitiae
1109 2120 1241 2203 gaudia,
1265 2120 1365 2185 officia
1382 2120 1415 2184 iu
1435 2142 1546 2205 cogna-

527 2248 593 2315 tos,
624 2238 769 2321 pietatem
792 2258 864 2321 erga
886 2251 1045 2323 parentes.
1069 2237 1227 2300 ceritatem
1249 2237 1367 2321 patriae
1389 2236 1542 2315 civitatis,

529 2356 776 2440 conjunctionem
796 2356 892 2419 totius
912 2356 1077 2434 Graeciae,
1097 2356 1247 2440 majorum
1267 2356 1443 2420 memoriam
1464 2376 1545 2419 com·

528 2473 683 2537 mandavit
714 2472 884 2549 Pindarum
917 2473 1002 2537 hand
1029 2474 1249 2558 praetermissis
1272 2473 1400 2557 reliquis
1423 2474 1543 2538 virtuti·

527 2590 602 2667 hus3
628 2590 796 2673 laudesque
820 2592 972 2655 victorum
995 2592 1058 2654 sive
1082 2591 1120 2654 ad
1145 2590 1320 2675 progeniem
1345 2590 1542 2677 proferendo,

526 2710 589 2771 sive
610 2708 647 2772 ad
668 2709 807 2793 gentium
828 2718 983 2787 auctores,
1000 2711 1182 2794 sanguinem
1198 2709 1335 2773 Deorum
1351 2718 1444 2793 atque
1459 2710 1543 2795 ipsos

527 2826 608 2889 Deos
628 2825 802 2903 referendo,
823 2828 925 2890 nescio
946 2849 1008 2911 quo
1027 2826 1136 2903 modo,
1157 2827 1342 2911 sempiterna
1362 2827 1542 2912 impertiens

526 2946 698 3029 praeconia,
715 2946 826 3008 amoris
843 2954 873 3008 et
888 2945 1024 3009 caritatis
1041 2945 1195 3028 quandam
1212 2944 1436 3008 commendavit
1447 2953 1544 3009 aeter·

527 3062 665 3127 nitatem.
713 3060 778 3125 Nec
810 3084 880 3126 vero
911 3063 1004 3127 etiam
1030 3070 1168 3125 mortuos
1196 3061 1300 3139 siluit,
1324 3084 1380 3125 nec
1404 3062 1542 3126 virorum

527 3179 642 3264 gloriae
666 3180 880 3245 communione
904 3180 1027 3244 orbatos
1052 3202 1117 3243 esse
1140 3180 1222 3243 sivit.
1271 3179 1463 3264 Asopiclaum
1486 3178 1546 3244 Or·

527 3298 721 3362 chomeuinm
745 3298 913 3362 celebrans:
942 3298 1082 3381 „nigram
1102 3297 1222 3373 nuno,”
1242 3298 1298 3373 ait,
1319 3297 1543 3382 „Proserpinae

526 3415 652 3481 domum
681 3416 741 3491 ito,
766 3415 869 3492 Echo,
895 3417 975 3499 patri
998 3415 1166 3499 gloriosum
1187 3415 1289 3478 ferens
1310 3416 1480 3491 nuncium,
1505 3426 1542 3479 ut

525 3535 623 3612 dicas,
649 3534 748 3597 lllium
771 3534 837 3618 ejus
857 3532 946 3596 Pisae
965 3531 1169 3616 gloriosorum
1184 3531 1240 3594 alis
1257 3532 1462 3615 praemiomm
1477 3532 1541 3596 eln-

525 3653 605 3716 aiasc
629 3652 778 3715 comam.'’
790 3651 816 3734 ²)
855 3650 893 3714 ln
916 3651 1067 3727 carmine,
1088 3672 1152 3733 quo
1172 3648 1416 3713 Alcimedontem
1435 3648 1543 3713 lauda·

527 3772 586 3834 vit:
618 3770 726 3848 „Patri
756 3768 810 3833 ille
841 3770 937 3853 patris
967 3768 1103 3832 animum
1131 3766 1310 3849 inspiravit,
1339 3766 1459 3829 senium
1486 3766 1542 3849 qui

527 3886 623 3971 pellit.
670 3886 769 3950 Hadia
801 3885 1010 3963 obliviscitur,
1038 3893 1143 3970 optata
1171 3884 1224 3967 qui
1248 3892 1357 3947 nactus
1380 3890 1435 3947 ert.
1480 3882 1542 3945 Sed

525 4026 574 4068 me
597 4002 684 4067 decet
707 4004 893 4067 mentionem
917 4002 1049 4065 excitare
1073 4002 1277 4084 victoriasque
1299 3998 1401 4064 dicere
1423 3998 1543 4083 Blepai·

525 4121 669 4198 adarum,
701 4130 786 4185 sexta
813 4143 890 4205 qnos
915 4122 978 4205 jam
1006 4142 1119 4185 ooroue
1141 4118 1321 4183 circumdat.
1368 4116 1427 4181 aaa
1448 4117 1540 4182 etiam

524 4239 628 4323 aliqua
650 4240 781 4304 mortuis
805 4260 893 4325 pars,
918 4238 1046 4323 exlege
1069 4238 1166 4314 facta,
1190 4258 1291 4321 neque
1314 4235 1419 4300 obruit
1437 4235 1540 4328 pulvis

558 4512 582 4573 1)
599 4511 640 4577 ry.
662 4512 704 4561 η.
804 4508 830 4571 s)
849 4510 887 4561 οι.
903 4511 973 4560 ιη’.
990 4509 1031 4560 sa.
