3725 5542
1020 692 1060 752 14

525 888 597 953 nisti
621 889 734 973 conjux
759 887 841 952 hunc
865 888 897 951 in
920 887 1051 965 saltum,
1076 888 1286 954 seducturus
1310 912 1377 955 eam
1400 914 1432 954 es
1455 901 1542 956 trans

524 1026 607 1071 mare
637 1004 676 1069 ad
705 1004 792 1067 Jovis
815 1004 939 1068 hortum
962 1004 1120 1069 selectum.
1166 1006 1217 1070 Ibi
1239 1030 1306 1071 eam
1328 1009 1422 1073 facias
1444 1008 1542 1073 domi·

524 1144 594 1189 nam
624 1120 728 1199 nrbis,
759 1130 943 1205 congregato
973 1143 1011 1185 er
1040 1122 1143 1187 insula
1174 1124 1289 1208 populo
1303 1134 1477 1190 ‚terrenum
1507 1126 1541 1190 in

524 1239 696 1304 tumulum:
713 1242 735 1323 ¹)
765 1260 849 1303 nunc
879 1261 951 1303 vero
981 1239 1053 1303 latis
1086 1204 1181 1324 pratia
1207 1250 1340 1326 augusta
1362 1242 1461 1327 Libya
1483 1245 1541 1309 tibi

523 1357 686 1442 gloriosam
720 1378 864 1441 sponsam
895 1357 1035 1441 excipiet
1090 1356 1140 1421 Ibi
1171 1357 1269 1422 filium
1300 1361 1415 1444 pariet,
1447 1381 1540 1444 quem

524 1475 676 1560 gloriosus
707 1474 880 1539 Mercurius
909 1474 1088 1538 venerandis
1119 1475 1213 1539 Horis
1236 1499 1271 1539 ac
1293 1476 1405 1541 Terrae
1427 1478 1539 1541 tollens

523 1600 661 1657 amatre
683 1591 784 1656 ducet.
820 1591 887 1655 Hae
913 1593 946 1655 in
969 1592 1100 1677 genibus
1122 1593 1271 1657 infantem
1294 1593 1354 1658 sibi
1377 1602 1493 1678 ponent
1508 1603 1539 1657 et

524 1719 628 1775 nectar
661 1708 750 1773 labiis
780 1708 945 1773 infundent
974 1719 1007 1773 et
1036 1709 1236 1789 ambrosiam,
1268 1712 1442 1795 facientque
1467 1734 1539 1776 enm

523 1828 744 1903 immortalem,
774 1826 883 1890 Jovem
914 1836 946 1889 et
976 1834 1117 1892 sanctum
1140 1827 1335 1911 Apollinem,
1360 1828 1538 1892 hominibus

522 1946 601 2009 caris
632 1944 878 2028 praesentissima
900 1942 1030 2026 gaudia,
1062 1945 1199 2028 Agreum
1222 1952 1254 2007 et
1277 1943 1445 2021 Nomium,
1469 1945 1538 2009 aliia

522 2082 592 2125 vero
623 2062 798 2125 Aristaeum
824 2060 1007 2125 vocandum.
1047 2059 1098 2123 Sic
1117 2061 1240 2125 locutus
1260 2060 1389 2125 adduxit
1410 2084 1480 2125 eum
1501 2072 1538 2126 nt

522 2178 622 2243 dulcia
645 2177 792 2242 connubii
814 2178 906 2243 finem
930 2178 1097 2262 perficeret

767 2301 854 2361 ὠκεῖα
880 2296 904 2361 δ’
931 2298 1123 2374 ἐπειγομένων
1149 2297 1201 2373 ἤδη
1223 2298 1290 2361 θεῶν

767 2412 871 2495 πρᾶξις
895 2415 952 2479 bnt
972 2439 1007 2479 re
1028 2414 1184 2494 βραχεῖαι·

768 2540 840 2597 κεῖνα
863 2536 931 2597 κεῖν’
954 2526 1038 2613 ἆμαρ
1061 2532 1220 2597 διαίτασεν.

524 2652 632 2717 &laris
641 2652 864 2733 papnnutium
870 2652 938 2733 jara
954 2650 1084 2713 Deorum
1098 2650 1176 2713 actio
1190 2650 1311 2734 viaeque
1325 2650 1431 2712 brem
1454 2648 1541 2711 mea

520 2769 572 2833 ille
594 2769 656 2832 dier
678 2768 818 2851 perfecit.
865 2765 904 2830 In
931 2788 1024 2829 aureo
1046 2767 1145 2830 coiere
1167 2765 1282 2850 Libyae
1304 2764 1456 2829 thalamo:
1482 2765 1536 2829 nbi

520 2884 734 2969 pulcerrimum
753 2883 860 2947 urbem
879 2892 987 2947 tuetur
1006 2892 1037 2947 et
1056 2882 1276 2947 certaminibus
1293 2882 1504 2967 gloriosam.¹)

565 2999 754 3085 Hujusmodi
776 2998 902 3063 Pindari
925 3000 1062 3063 narratio
1085 3008 1141 3063 est.
1177 2998 1278 3063 Deum
1301 3008 1405 3063 antem
1424 2998 1536 3062 amoris

519 3118 603 3183 dulci
627 3117 771 3203 cupidine
794 3117 963 3182 abductum
983 3139 1048 3181 esse
1065 3116 1161 3181 Chiro
1182 3117 1335 3201 significat
1354 3124 1391 3180 ut
1408 3115 1536 3180 humani

518 3236 595 3321 quid
619 3242 774 3320 pateretur
796 3235 963 3319 fictumque
985 3256 1155 3299 sermonem
1175 3236 1322 3319 jactaret,
1347 3233 1401 3297 sed
1417 3235 1463 3297 ita
1476 3234 1535 3316 sig·

519 3354 638 3431 nificat,
675 3362 709 3417 ut
743 3375 779 3417 eo
808 3354 875 3437 ipso
898 3352 966 3416 loco
990 3351 1091 3415 Deum
1115 3361 1256 3415 vereatur
1279 3374 1379 3436 neque
1402 3350 1535 3414 hominis

518 3472 615 3535 instar
634 3469 763 3555 judicet.
798 3468 925 3549 Quanta
948 3491 1019 3533 vero
1042 3468 1177 3552 dignitas
1200 3470 1233 3533 in
1253 3468 1399 3533 scientiae
1418 3468 1535 3552 Apolli·

518 3588 566 3652 nis
585 3585 828 3673 praedicatione?
863 3587 990 3667 Quanta
1010 3587 1138 3671 virginis
1157 3586 1327 3649 fortitudo?
1342 3584 1403 3649 Sed
1419 3592 1535 3669 quanta

518 3705 653 3790 dignitas
688 3715 719 3769 et
752 3706 944 3791 singularum
975 3708 1110 3791 partium
1140 3714 1172 3768 et
1200 3705 1384 3769 narrationis
1415 3703 1534 3767 totius?

518 3821 653 3886 Omnino
684 3824 781 3887 totius
804 3844 901 3887 unum
926 3823 1122 3907 antiquitatis
1146 3822 1248 3885 locum
1271 3843 1343 3885 cum
1366 3820 1424 3884 hac
1446 3830 1534 3883 tanta

519 3941 706 4025 praestantia
728 3941 969 4025 comparandum
998 3940 1155 4015 existimo,
1180 3960 1269 4015 enm,
1293 3960 1356 4021 quo
1380 3937 1533 4001 Homerus

517 4053 604 4119 Joris
632 4064 663 4119 et
693 4055 825 4121 Junonis
857 4057 1007 4140 expressit
1035 4077 1178 4119 amorem.
1224 4052 1305 4118 Nam
1329 4076 1426 4137 quum
1448 4052 1534 4116 Jnno

553 4342 577 4403 l)
593 4341 656 4391 Nam
672 4356 700 4391 ax
718 4341 795 4391 imula
811 4340 890 4391 'Phara
907 4346 1025 4389 raserunt
1042 4340 1153 4404 Cyanen
1171 4340 1271 4388 incolae.

550 4438 576 4497 ὓ)
595 4438 635 4502 ᾖ.
654 4438 699 4487 [Χ.
716 4438 840 4487 28-125.
