3725 5542
791 722 853 781 525

312 924 417 1008 μοὶχου
431 922 481 989 ἅτ’
496 922 658 1001 οξλέκσορος.
694 918 778 983 Gelli
797 917 1024 1002 comperetione
1040 918 1144 981 utitur
1160 918 1331 1003 Aeschylus

312 1042 344 1105 in
368 1038 568 1126 significando
591 1037 673 1103 bello
696 1036 796 1114 civili,
820 1035 951 1100 Eumen.
977 1036 1040 1097 861

468 1157 536 1235 μηδ’
558 1154 688 1232 ἱξελοῦο)
710 1156 747 1226 ὡς
770 1152 890 1233 καρδίαν
910 1152 1075 1233 ἀλεκτόρων

470 1278 501 1341 ἐν
522 1282 582 1347 σοῖς
605 1275 685 1353 ἐμοῖς
706 1272 837 1337 ἆσσοῖσνν
859 1271 973 1353 ἱδρύσηο
992 1270 1068 1349 Ἄρη

460 1369 617 1474 ’ἐμφύλιόν
639 1416 673 1457 σε
695 1391 745 1456 καὶ
770 1391 839 1471 πρὸς
861 1390 1012 1464 ἀλλήλους
1035 1389 1148 1468 θρασύν.

471 1511 581 1590 θυραῖος
604 1508 679 1574 ἔσσο
702 1509 847 1587 πόλεμος,
870 1509 902 1573 οὐ
924 1506 1012 1585 μόλις
1035 1508 1147 1587 παρὼν,

472 1629 502 1693 ἐν
524 1622 546 1709 ᾧ
566 1651 612 1701 σος
635 1627 719 1692 ἔσται
742 1627 827 1699 δεινὸς
850 1624 985 1695 εὐκλείας
1010 1622 1093 1706 ἔρως·

474 1744 588 1809 ἐνοικίου
611 1744 637 1807 δ’
659 1742 757 1823 ὄρνιθος
779 1746 811 1809 οὐ
833 1743 913 1821 λέγω
936 1742 1053 1825 μάχην.

318 1860 407 1941 Quee
441 1862 627 1946 comperetio
657 1861 769 1925 nititur
799 1860 1002 1925 similitudine
1034 1859 1168 1946 duplici:
1200 1880 1272 1931 nem
1302 1865 1334 1922 et

318 1978 472 2065 gellorum
502 1979 534 2042 in
564 2001 670 2063 pugne
699 1977 864 2043 crudelitas
895 1978 1103 2063 significetur,
1136 1986 1166 2043 et
1197 1976 1334 2042 absentie

319 2097 451 2182 glories,
483 2117 580 2181 quum
611 2096 725 2161 ἐνοικίου
751 2094 849 2175 dputes
871 2097 963 2175 μάχη
986 2103 1160 2180 opponetur
1183 2094 1212 2159 ei
1233 2093 1333 2172 bello,

320 2213 353 2277 in
383 2234 446 2298 qno
476 2212 555 2276 foret
585 2212 670 2284 δεινὸς
701 2212 835 2284 εὐκλείας
865 2211 942 2291 ἔρος.
989 2210 1058 2275 Hoc
1081 2218 1184 2275 eutem
1207 2209 1333 2275 Pindari

320 2329 389 2393 loco
412 2328 500 2392 nulle
522 2336 569 2392 est
591 2327 784 2393 crudelitatis
807 2328 1008 2413 significatio,
1032 2327 1086 2391 sed
1109 2327 1329 2412 ignobilitatis:

320 2468 377 2510 nec
400 2454 501 2511 temen
526 2445 599 2510 belli
622 2445 720 2509 civilis
743 2445 888 2530 cogitatio
911 2446 1093 2530 attingitur,
1118 2445 1171 2510 sed
1192 2446 1333 2510 currendi

321 2564 488 2629 certamine
513 2562 696 2627 Gnosiorum
719 2561 887 2627 domestice
909 2563 1139 2647 significentur,
1164 2564 1196 2627 in
1221 2561 1333 2647 quibus

321 2686 392 2744 ante
423 2680 565 2744 exsilium
592 2678 751 2764 Ergoteles
774 2677 875 2743 fueret
897 2686 1053 2757 versatus,
1078 2702 1245 2765 eorumque
1268 2679 1336 2744 obs·

321 2797 434 2861 curites
457 2803 650 2881 componetur
672 2818 742 2861 cum
766 2795 894 2874 Isthmi,
919 2796 1086 2881 Pythonis,
1112 2796 1200 2861 Pisee
1216 2797 1335 2880 ingenti

320 2915 436 2999 glorie,
460 2914 573 2998 quibus
596 2914 673 2979 locis
696 2913 854 2998 Ergoteles
874 2915 938 2998 jem
961 2936 1024 2978 non
1048 2913 1179 2978 Gnosius
1204 2914 1255 2978 sed
1280 2913 1336 2978 Hi·

321 3054 459 3097 mereens
482 3033 514 3096 in
529 3031 627 3095 totius
643 3039 808 3117 conspectu
825 3030 971 3096 Greeciee
987 3054 1138 3097 summem
1154 3032 1335 3097 nobiltetem

320 3156 481 3234 reponeret.

367 3268 420 3330 22.
454 3267 563 3340 οῑκλεηο
585 3265 671 3343 σιμοὶ.
706 3265 800 3330 Beote
823 3265 959 3331 'Petelino
983 3266 1070 3331 effert
1088 3266 1196 3351 Eurip.
1214 3264 1336 3331 Herecl.

323 3384 386 3445 620
410 3384 520 3456 οὶκλεης
535 3380 607 3458 δόξα
622 3388 654 3447 et
670 3381 780 3446 Helen.
799 3385 863 3446 185
881 3383 1003 3463 αἰσχρὸν
1019 3384 1111 3455 κλέος.
1146 3381 1240 3447 Recte
1254 3381 1337 3447 idem

320 3500 578 3580 κατεφυλλορόησε
601 3499 734 3583 explicet
756 3498 934 3564 defluxisset
958 3499 1043 3564 velut
1066 3499 1207 3563 erbornm
1231 3498 1314 3563 folle.

368 3618 419 3681 23.
457 3618 481 3681 el
512 3618 566 3693 μή.
603 3615 784 3680 Aristoteles
814 3614 908 3680 Polit.
940 3614 975 3680 II
1006 3614 1041 3680 G.
1066 3615 1130 3681 VII
1161 3616 1199 3681 de
1230 3615 1337 3681 Crete:

321 3732 497 3810 ξενηλασίας
520 3734 582 3811 γὰρ
603 3734 638 3798 τὸ
660 3734 747 3814 πόρρω
771 3733 921 3807 πεποίηκε.
961 3732 1006 3797 Ut
1021 3754 1083 3797 non
1099 3734 1231 3798 multum
1247 3704 1340 3798 Gree-

321 3851 386 3915 eiee
408 3850 499 3916 rebus
521 3849 682 3919 Cretenses
702 3872 735 3914 se
750 3849 952 3914 immiscuisse
967 3849 1139 3915 videantur.
1175 3850 1222 3915 De
1238 3850 1339 3915 censis

322 3990 409 4045 vero,
434 3967 548 4051 quibus
571 3966 730 4053 Ergoteles
754 3967 900 4030 incitetns
923 3966 1018 4031 luisse
1041 3966 1182 4031 videetur
1204 3975 1275 4051 post
1291 3973 1341 4031 ex'·

322 4086 425 4149 silium
448 4085 488 4149 ed
511 4086 626 4170 mejore
649 4085 831 4163 certemme,
855 4085 1033 4149 monuimus
1049 4084 1081 4149 in
1098 4082 1338 4149 introductione.

322 4204 426 4288 Atque
456 4204 489 4267 in
520 4201 628 4267 tabule
656 4200 939 4287 Olympionicarum
973 4202 1057 4287 opud
1081 4202 1248 4267 Kreusium
1271 4223 1339 4265 rere

321 4321 467 4385 memorie
498 4319 691 4384 Cretensium
722 4326 786 4383 cst:
811 4320 1129 4405 prseterErgotelem
1154 4325 1340 4383 memoretur

321 4435 467 4516 Sotedes,
499 4439 597 4502 victor
626 4438 658 4501 in
690 4436 813 4501 dolicho
836 4436 889 4503 Ol.
913 4440 956 4502 99
981 4445 1013 4502 et
1038 4439 1112 4502 100.
1158 4434 1338 4500 Philonides
