3725 5542
967 733 1029 794 380

495 941 635 1018 prompte
663 934 769 1018 lingua
794 934 889 998 dixit:
914 933 996 1017 qnod
1020 955 1081 998 non
1104 932 1283 998 debueram:
1308 932 1493 1010 sufficiebat,

495 1051 601 1136 lingua
622 1051 717 1128 dixit,
741 1051 805 1129 vel,
828 1074 881 1116 ore
902 1052 1024 1116 locutus
1047 1060 1102 1115 cst.

541 1171 593 1232 21.
628 1169 690 1234 ἐπεὶ
712 1162 793 1235 eard
814 1173 894 1247 yar.
929 1169 1035 1256 Eurip.
1059 1169 1167 1255 Suppl.
1191 1172 1255 1234 926

626 1288 677 1353 κοιὶ
699 1292 756 1364 μὴν
780 1289 830 1354 τὸν
852 1289 990 1360 Οἰκλέους
1013 1313 1050 1365 νε
1075 1297 1204 1366 γενναῖον
1226 1290 1306 1354 τόκον

625 1407 694 1480 θεοὶ,
717 1407 798 1489 ζῶντ’
820 1409 1044 1489 ἀναρπάσαντες
1068 1409 1096 1480 ές
1120 1408 1234 1488 μοιχοὺς
1256 1407 1355 1488 χθονὸς

626 1529 723 1596 αὐτοῖς
745 1526 923 1607 τεθρίπποις,
947 1529 1114 1605 εὐλογοῦσιν
1135 1530 1285 1609 ε’μφιονῶς.

489 1687 496 1700 .
540 1647 592 1708 28.
626 1645 705 1711 έπτοὶ
734 1645 759 1708 δ’
788 1645 902 1710 ἔπειτα.
937 1644 1042 1726 Quum
1074 1668 1110 1711 ex
1140 1653 1255 1730 septem
1278 1643 1409 1710 ducibus
1431 1645 1496 1729 ipse

493 1762 643 1828 Adrastus
675 1771 755 1828 esset
788 1773 958 1850 superstes,
999 1764 1201 1850 Amphiaraus
1235 1773 1314 1828 term
1349 1763 1495 1841 obrutus,

493 1880 651 1966 Polynices
673 1881 846 1968 insepultus
865 1884 994 1967 jaceret,
1018 1905 1080 1948 non
1103 1889 1244 1968 poterant
1267 1904 1332 1946 esse
1350 1882 1416 1967 rogi
1431 1905 1497 1967 sep-

492 2009 553 2066 tem
587 2000 715 2065 ducum:
752 2009 845 2086 etque
874 2024 910 2066 eo
942 2003 1124 2086 pertinuisse
1153 2003 1276 2087 signum
1306 2001 1496 2067 difficultatis

492 2119 581 2183 docet
603 2127 691 2184 vetus
712 2120 865 2185 scholion:
887 2119 922 2184 σθ
944 2127 1060 2196 σημεῖον
1078 2145 1121 2202 χ,
1140 2119 1183 2187 ὅτι
1202 2121 1281 2186 ἑπτὰ
1297 2121 1389 2201 πυράς
1404 2129 1494 2202 φησι,

491 2246 547 2303 τῶν
576 2239 655 2304 ἑπτὰ
684 2241 726 2314 μὴ
755 2240 962 2306 ἀποθανόντων.
1009 2239 1204 2304 Aristarchus
1232 2247 1333 2304 autem
1357 2239 1494 2324 putavit,

492 2359 584 2422 etiam
607 2359 640 2422 in
662 2358 727 2436 his,
759 2359 850 2422 utin
874 2358 942 2422 aliis
964 2359 1072 2437 rebus,
1099 2358 1264 2423 Pindarum
1287 2359 1494 2444 obtemperare

492 2477 570 2542 mori
600 2499 673 2554 suo,
703 2476 833 2558 ἱδιθζεινε
866 2477 1076 2542 Aristodemus
1108 2499 1177 2542 vero
1203 2499 1293 2562 rogos
1316 2499 1377 2542 non
1401 2477 1493 2542 fnisse

492 2595 608 2659 ducum
636 2596 772 2680 ipsorum
802 2595 855 2659 sed
886 2596 1091 2660 exercituum:
1123 2603 1153 2660 ct
1182 2605 1280 2674 recte,
1303 2605 1340 2660 nt
1361 2595 1492 2662 videtur.

491 2697 661 2775 Scholiasta
691 2712 840 2776 recentior
862 2715 955 2793 πιριῖν
976 2711 1163 2776 τελεσθέντων
1187 2711 1302 2776 dictum
1326 2719 1416 2796 putat
1438 2733 1493 2796 pro

492 2834 585 2909 πυρᾶν
606 2832 807 2895 σελεσθεισῶνε
832 2830 876 2894 aic
897 2825 1073 2894 conveniret
1095 2829 1292 2894 Homericum
1315 2829 1353 2894 [l.
1376 2830 1394 2894 I
1418 2833 1458 2892 52

670 2950 726 3013 alei
748 2949 778 3012 ll
799 2949 887 3026 πυροὶ
909 2949 1013 3014 νεικέων
1034 2949 1146 3013 κοτέοντο
1168 2951 1295 3026 θομειιιέ.

493 3068 531 3133 ln
561 3077 662 3134 vetere
692 3091 762 3133 vero
795 3067 911 3132 acholio
941 3067 1129 3132 τελεσθέντων
1158 3067 1287 3132 refertur
1309 3067 1432 3152 quidem
1454 3067 1494 3131 ad

492 3193 607 3267 νεκρῶν,
631 3186 684 3252 sed
707 3186 875 3272 explicatur
893 3186 1144 3266 έπισωρενθέντιον,
1162 3187 1221 3262 ἤτοι
1236 3187 1495 3266 κατηριθμημένων.

494 3305 629 3372 Omnino
650 3305 839 3371 τελεσθέντων
859 3328 930 3370 cum
953 3311 1052 3385 νεκρῶν
1074 3305 1323 3391 conjungendum
1345 3314 1418 3369 est:
1443 3305 1495 3370 sed

494 3425 644 3509 significat
667 3424 792 3500 confici,
815 3422 847 3487 id
870 3431 918 3486 est
940 3422 998 3487 hoc
1021 3423 1088 3488 loco
1111 3423 1257 3488 comburi.
1296 3423 1371 3488 Fere
1394 3421 1497 3488 simili·

493 3553 540 3608 ter
570 3542 766 3620 conficiendi,
797 3543 829 3606 id
860 3553 962 3608 autem
989 3543 1032 3608 i'oi
1056 3554 1101 3607 est
1123 3543 1325 3608 interficiendi
1348 3543 1498 3628 significa·

410 3695 413 3698 ·
494 3664 578 3727 tione
600 3670 648 3726 est
671 3661 780 3726 hesch.
803 3660 897 3726 Ohoc.
922 3665 985 3727 875

672 3781 745 3858 οἶμοι
768 3782 902 3856 τοινοέμοι
925 3780 1063 3846 δεσπόσω
1085 3781 1264 3857 τελουμένου.

496 3899 538 3962 llt
567 3900 671 3963 eedem
700 3899 921 3982 significat-ione
944 3900 1082 3980 πράσσειν
1104 3875 1381 3984 ροκίθιητιτίᾱεθστ
1403 3897 1498 3962 Ohoe.

497 4020 580 4080 440:
612 4017 691 4080 conf.
722 4016 806 4081 Pers.
839 4020 901 4082 517
926 4017 1181 4096 διαπεπραγμένον
1203 4024 1346 4098 στρατοῦ,
1370 4025 1400 4081 et
1423 4016 1498 4082 ibid.

500 4139 563 4199 525
594 4135 641 4199 ἐπ’
667 4133 905 4212 ἕξειργιοσμένοιι.
952 4135 1113 4200 Genitivus
1136 4139 1227 4214 πορῐιν
1250 4137 1431 4220 conjunctus
1454 4141 1501 4200 eet

498 4278 568 4319 cum
592 4261 708 4335 νεκρῶνι
731 4253 943 4338 significantur
965 4275 1092 4340 corpora
1113 4276 1253 4340 rogorum
1277 4265 1409 4341 septem,
1433 4256 1453 4320 i.
1474 4277 1500 4319 c.

501 4395 579 4458 quae
606 4375 640 4438 in
662 4381 777 4459 septem
800 4373 882 4457 rogis
904 4385 990 4438 erant
1013 4375 1162 4459 impositu.
1209 4373 1303 4438 Haud
1326 4385 1405 4439 reete
1428 4373 1503 4438 Kar·

500 4495 617 4558 stenins
640 4493 809 4578 genitivum
831 4493 982 4558 carmalum
1006 4515 1069 4557 esse
1092 4495 1260 4558 existimat:
1284 4516 1355 4559 curn
1378 4509 1502 4579 corpora
