3725 5542
943 714 1007 773 242

466 931 585 994 semper
609 933 705 995 reges.
744 910 829 974 Olim
849 911 913 975 dux
933 910 1097 998 Olympius
1117 914 1212 979 filiam
1230 914 1366 999 Opuntis
1386 937 1483 999 quum

465 1030 617 1114 rapuisset
641 1052 657 1093 e
680 1037 761 1093 terra
784 1029 957 1115 Epeorum,
982 1031 1123 1116 placidus
1147 1034 1221 1097 coiit
1236 1057 1306 1099 cum
1323 1058 1359 1099 ea
1374 1036 1406 1099 in
1424 1036 1484 1099 ool-

388 1152 429 1211 90
466 1148 547 1212 libus
576 1147 738 1212 Maenaliis
767 1148 902 1233 tulitque
932 1172 998 1213 eam
1021 1148 1139 1228 Locro,
1165 1175 1203 1216 ne
1226 1164 1390 1237 occuparet
1414 1178 1484 1219 eum

466 1290 591 1345 aevum,
621 1276 749 1332 mortem
781 1268 940 1352 infligens,
964 1268 1068 1333 orbem
1092 1271 1187 1355 prole.
1236 1271 1356 1336 Habuit
1379 1296 1483 1338 semen

466 1388 632 1450 maximum
664 1409 759 1463 uxor,
793 1387 986 1472 laetatusque
1019 1396 1066 1453 est
1088 1389 1178 1454 heros
1202 1390 1309 1455 videns
1333 1392 1482 1458 infantem

465 1528 520 1590 pro
552 1506 615 1570 Alio
647 1506 772 1584 datum,
805 1516 835 1571 et
867 1509 989 1573 vocavit
1011 1532 1082 1573 eum
1105 1511 1317 1594 cognominem
1342 1534 1400 1575 aso
1422 1534 1484 1575 ma·

465 1634 567 1703 terno,
592 1626 793 1690 excellentem
820 1628 920 1691 sirum
944 1628 1041 1693 forma
1064 1638 1095 1693 et
1118 1630 1225 1693 factis:
1258 1630 1427 1716 urbemque
1455 1631 1483 1695 ei

369 1746 428 1805 100
466 1754 496 1808 11
528 1745 677 1830 populum
708 1746 876 1829 regendum
909 1746 1048 1811 tradidit.
1096 1747 1312 1813 Adveniebant
1342 1748 1381 1812 ad
1412 1772 1483 1814 eum

465 1860 602 1944 hospites
635 1860 726 1944 Argis
757 1859 951 1944 Thebisque,
984 1860 1119 1926 Arcades
1150 1871 1181 1925 et
1208 1862 1348 1927 Pisatae:
1383 1864 1481 1928 filium

466 2001 537 2043 vero
561 1979 684 2042 Actoris
708 1987 738 2042 et
762 1980 899 2064 Aeginae
920 1979 1114 2044 Menoetium
1129 2004 1224 2065 supra
1238 1982 1374 2066 reliquos
1389 1982 1484 2046 hono

464 2099 545 2162 ravit
574 2097 716 2161 colonos:
749 2100 836 2183 cujus
868 2098 951 2163 filius
980 2121 1051 2163 cum
1084 2100 1201 2164 Atridis
1224 2101 1257 2164 in
1280 2100 1483 2165 Teuthrantis

368 2218 428 2279 110
464 2224 576 2279 terram
601 2215 701 2291 venit,
729 2215 877 2297 stetitque
901 2237 972 2279 cum
996 2214 1119 2279 Achille
1142 2214 1245 2290 solus,
1270 2236 1366 2298 quum
1389 2214 1483 2279 fortes

466 2334 588 2397 Danaos
612 2332 733 2417 fugaret
748 2332 905 2418 Telephus
921 2340 953 2397 et
967 2334 1000 2397 in
1016 2334 1149 2397 marinas
1166 2356 1287 2420 puppes
1303 2333 1481 2417 conjiceret,

465 2462 501 2517 ut
523 2452 654 2536 sepienti
677 2451 925 2537 cognoscendum
949 2452 1108 2536 praeberet
1131 2451 1266 2515 Patrocli
1289 2451 1398 2515 fortem
1419 2450 1482 2515 aui-

464 2594 559 2635 mum.
606 2570 633 2633 Ε
664 2592 726 2654 quo
758 2578 894 2655 tempore
926 2592 997 2635 eum
1020 2569 1169 2658 Thetidis
1193 2570 1276 2634 filius
1300 2569 1480 2646 admonuit,

464 2711 503 2751 ne
526 2688 558 2752 in
582 2709 672 2751 saevo
696 2686 796 2750 Marte
820 2708 958 2770 unquam
982 2686 1109 2750 seorsim
1132 2709 1150 2748 a
1173 2708 1229 2749 sua
1247 2684 1336 2747 hasta
1357 2682 1482 2747 victrice

368 2810 429 2871 1110
465 2808 655 2871 consisteret.
711 2804 834 2869 Possem
870 2804 1008 2869 invenire
1040 2826 1180 2881 carmen,
1217 2812 1253 2866 ut
1287 2801 1481 2886 procederem

464 2932 556 3010 aptus
577 2923 610 2989 in
634 2945 725 2987 curru
753 2922 930 2987 Musarum:
962 2930 994 2985 et
1016 2922 1145 2986 audacia
1168 2930 1200 2984 et
1222 2919 1324 3005 ampla
1346 2905 1481 3004 potestas

465 3052 654 3128 sequeretur.
690 3040 750 3105 Sed
776 3048 899 3126 propter
923 3040 1076 3124 hospitale
1093 3038 1277 3125 praesidium
1296 3038 1481 3123 laudemque

463 3160 698 3248 Lampromachi
729 3160 798 3223 veni
830 3159 955 3244 adjutor
984 3158 1125 3223 Isthmiis
1156 3159 1223 3242 ejus
1254 3157 1357 3234 vittis,
1382 3178 1481 3240 quum

464 3302 526 3343 uno
559 3279 608 3343 dic
640 3278 729 3343 ambo
759 3278 917 3341 vincerent
948 3276 1124 3341 certamine.
1171 3274 1323 3358 Aliaeque
1345 3275 1425 3339 duae
1448 3275 1480 3338 in

367 3402 427 3463 180
464 3398 607 3462 Corinthi
631 3397 727 3481 portis
749 3404 855 3480 postea
871 3395 956 3459 fuere
973 3394 1200 3475 contentiones,
1225 3402 1257 3457 et
1271 3392 1348 3456 aliae
1363 3393 1481 3478 Ephor-

463 3523 563 3579 mosto
579 3516 611 3578 in
627 3516 698 3578 siuu
714 3512 862 3578 Nemeae:
888 3513 1042 3597 Argisque
1057 3511 1167 3575 hahuit
1183 3511 1312 3595 gloriam
1330 3511 1480 3588 virorum,

465 3657 601 3721 puerque
625 3634 767 3698 Athenis.
814 3632 915 3713 Quale
939 3630 1140 3708 Marathone,
1165 3638 1289 3716 ereptus
1312 3652 1349 3693 ex
1372 3629 1482 3693 imber·

464 3753 574 3831 bibus,
599 3752 749 3816 sustinuit
772 3758 926 3815 certamen
950 3748 1176 3835 provectiorum
1192 3748 1230 3811 de
1246 3748 1361 3833 pateris
1377 3769 1482 3831 argen-

366 3877 427 3937 140
463 3873 535 3951 teis,
557 3872 701 3956 virosque
717 3892 813 3956 quum
830 3868 921 3933 celeri
938 3868 1010 3932 dolo
1026 3868 1115 3931 firmo
1131 3868 1269 3944 vicisset,
1291 3866 1481 3952 percucurrit

463 4012 606 4055 coronam
638 3988 845 4075 spectantium
875 3995 993 4072 quanto
1023 4008 1130 4050 eorum
1160 3986 1307 4061 clamore,
1339 3993 1481 4049 maturus

463 4118 494 4175 et
516 4110 623 4196 pulcer
646 4109 901 4194 pulcerrimisque
925 4106 1113 4172 facinoribus
1132 4106 1238 4170 lactis!
1279 4104 1382 4170 Etiam
1409 4103 1482 4167 Par-

462 4228 565 4293 rhasio
599 4228 715 4313 populo
746 4226 907 4291 mirandus
939 4226 1085 4312 apparuit
1114 4226 1148 4289 in
1176 4225 1255 4289 festo
1277 4234 1371 4288 coetu
1392 4222 1479 4287 Jovis

466 4346 597 4433 Lycaei,
629 4354 659 4411 at
690 4368 786 4430 quum
818 4345 1000 4431 frigidorum
1028 4351 1189 4409 ventorum
1213 4345 1288 4408 mite
1309 4342 1478 4407 remedium

368 4470 431 4529 150
468 4474 634 4551 reportaret
650 4464 810 4529 Pellenae:
828 4466 975 4549 testisque¹
991 4464 1019 4527 ei
1036 4463 1162 4527 landum
1179 4472 1223 4526 est
1238 4462 1321 4526 Jolui
1337 4460 1478 4525 tumulus
