3725 5542
801 704 865 763 439
903 694 908 702 ’

328 898 424 962 Porro
448 898 557 962 laudat
580 898 740 980 Aeginam,
760 898 900 981 justitiae
923 898 1004 961 fama
1027 897 1191 982 inclytam,
1217 909 1247 961 et
1268 906 1345 962 vete-

297 1087 299 1091 ,
328 1037 391 1079 rem
422 1016 516 1078 Aeaci
546 1013 692 1097 gloriam,
725 1013 859 1076 Deorum
890 1014 965 1077 socii
988 1014 1020 1077 in
1044 1014 1211 1078 condendis
1234 1015 1344 1099 Trojac

329 1131 507 1208 moenibus,
531 1132 707 1214 laetumque
727 1132 872 1214 jamtum
889 1130 1067 1194 vaticinium
1083 1131 1121 1194 de
1139 1132 1341 1196 Aeacidarum

329 1249 362 1312 in
392 1248 551 1312 diruendis
577 1248 685 1312 iisdem
709 1247 815 1332 gloria.
863 1247 941 1310 Inde
965 1248 1085 1312 rediens
1109 1249 1147 1312 ad
1172 1251 1343 1333 praesentia

329 1365 435 1430 laudat
468 1366 645 1442 Meleaiam,
682 1365 851 1450 palaestrae
884 1366 1082 1450 magistrum,
1117 1375 1341 1450 praeceptorem

330 1482 570 1559 Alcimedontis,
594 1483 767 1566 iterumque
790 1483 891 1566 ipsum
916 1482 1178 1546 Alcimedonteru:
1204 1483 1252 1547 avi
1276 1486 1342 1568 ejus

328 1599 449 1663 extollit
478 1599 608 1684 gaudia,
641 1599 798 1682 totiusque
829 1599 930 1663 tribua
956 1598 1203 1683 Blepsiadarum,
1228 1623 1264 1663 ex
1282 1623 1344 1684 qna

328 1717 425 1781 victor
447 1724 529 1793 erat,
554 1717 668 1781 excitat
691 1717 885 1792 memoriam,
909 1723 1099 1801 praesentem
1125 1739 1195 1781 vero
1220 1717 1343 1782 landem

327 1835 418 1898 etiam
442 1834 481 1899 ad
505 1843 643 1898 mortuos
668 1835 818 1918 pertinere
842 1835 919 1898 vult
967 1833 1064 1897 Addit
1088 1846 1159 1899 vota
1182 1857 1237 1920 pro
1261 1835 1344 1900 inco·

327 1951 468 2015 lumitate
491 1951 592 2017 tribue
616 1960 648 2015 at
670 1952 813 2016 civitatis.

373 2071 530 2154 Apparere
560 2070 714 2133 existimat
743 2068 919 2132 Boeckhius
954 2092 970 2132 e
998 2091 1031 2130 va
1059 2071 1116 2144 12,
1141 2089 1263 2132 carmen
1287 2071 1345 2134 hoc

330 2196 455 2250 cantum
495 2209 559 2250 ease
593 2185 772 2270 Olympiae,
807 2185 952 2250 instituta
987 2184 1030 2249 ibi
1065 2185 1279 2249 comissatione
1315 2195 1345 2250 et

330 2320 458 2383 pompa,
491 2320 553 2382 qna
583 2317 695 2362 corona
728 2299 761 2361 in
792 2320 911 2361 sacrum
935 2296 1096 2381 Olympiae
1119 2298 1225 2362 lucum
1249 2298 1345 2362 defer·

330 2424 424 2480 retur.
470 2415 643 2479 Scholiasta
672 2423 760 2477 retus
783 2413 822 2476 ad
846 2435 879 2476 ra
905 2416 946 2475 66
971 2421 1115 2490 annotat,
1140 2415 1218 2494 δεῦρο
1240 2414 1344 2478 dicia

329 2531 440 2609 choro,
474 2540 505 2596 et
535 2531 678 2595 carminis
701 2531 906 2594 cantationem
931 2529 1027 2594 faisse
1051 2529 1196 2614 Aeginae.
1244 2529 1345 2594 Credo

329 2648 490 2732 equidem,
521 2647 579 2712 hoc
610 2669 673 2710 non
704 2647 796 2710 nimia
821 2645 993 2730 urgendum
1018 2667 1099 2710 aare:
1125 2653 1172 2709 eat
1195 2654 1276 2710 certe
1299 2645 1343 2710 ibi

329 2765 369 2829 de
400 2765 519 2848 Aegina
548 2785 661 2840 sermo,
696 2772 726 2827 et
756 2770 837 2827 recte
864 2771 969 2827 monet
992 2761 1186 2839 Boeckhius,
1210 2763 1243 2826 in
1267 2763 1344 2847 ejus-

328 2881 413 2946 modi
436 2882 589 2946 aententia
611 2881 644 2945 id
667 2879 845 2946 adverbium
869 2881 961 2944 etiam
986 2880 1059 2964 poni
1082 2879 1121 2944 de
1137 2901 1173 2943 eo
1188 2880 1270 2958 loco,
1288 2879 1343 2944 ubi

328 2999 356 3062 ie
363 3047 374 3076 ,
388 2999 444 3082 qui
455 2997 618 3082 loquatur,
630 3005 696 3060 tum
709 3019 771 3061 non
785 3019 927 3082 praecaria
939 2995 1037 3060 adsit:
1051 2996 1135 3060 velut
1147 2996 1230 3080 apud
1243 2996 1344 3060 Plato

328 3136 415 3191 nem,
439 3113 596 3178 Phaedon.
622 3115 663 3176 58
689 3112 892 3200 b,·Phaedo,
918 3112 1066 3178 Phliunte
1077 3113 1257 3198 colloquens
1271 3135 1342 3178 cum

329 3231 513 3296 Echecrate:
537 3231 603 3310 πρὶν
625 3229 662 3294 ἂν
684 3232 725 3301 εἷς
749 3238 845 3305 Δῆλον
868 3231 1015 3308 ἀφίκηται
1038 3230 1071 3294 τὸ
1095 3237 1193 3294 πλοῖον
1216 3231 1265 3293 acl
1282 3231 1341 3295 ccl·

326 3362 373 3413 ara
402 3348 497 3426 δεῦροε
529 3346 560 3410 id
592 3356 640 3410 est
670 3345 818 3410 Athenae.
855 3345 1074 3410 Verumtamen
1100 3345 1186 3409 illam
1210 3345 1342 3430 appella

327 3466 441 3530 tionem
474 3464 536 3528 luci
566 3463 655 3528 Pisae
686 3485 719 3526 ve
754 3466 794 3526 la
822 3463 1087 3527 continuationem
1110 3483 1176 3526 ease
1199 3462 1340 3526 existimo

327 3581 445 3646 exordii
476 3581 636 3659 carminis,
669 3602 731 3664 quo
759 3581 826 3665 ipsa
848 3578 993 3663 Olympia
1016 3579 1156 3644 invocata
1179 3587 1242 3644 eat:
1269 3579 1341 3644 huie

327 3701 455 3764 victoria
482 3701 668 3778 debehatur,
692 3699 766 3764 hnic
789 3709 931 3786 acceptae
954 3701 1061 3764 laudes
1084 3701 1277 3780 referuntur,
1302 3705 1340 3768 ad

327 3817 408 3881 lianc
437 3816 533 3881 Poeta
563 3818 655 3881 vertit
685 3818 838 3881 animum:
872 3817 996 3880 victoris
1019 3816 1112 3880 decue
1136 3818 1271 3902 appellat
1293 3820 1342 3884 clv

327 3933 417 4012 etiae
450 3935 578 4011 ἀγλαόν.
627 3936 731 4019 Atque
765 3934 820 3998 illa
852 3955 983 3998 coronae
1018 3934 1051 3998 in
1087 3933 1173 3998 Altin
1208 3937 1341 4019 portatio

327 4051 542 4115 commenticia
571 4059 634 4115 eat:
667 4072 737 4115 cum
768 4051 846 4114 lecto
877 4051 1009 4116 carmine
1040 4050 1132 4114 simul
1155 4073 1341 4128 coronama

326 4165 421 4231 Poeta
452 4166 588 4244 laudari,
621 4177 702 4231 certe
724 4167 785 4252 ipsi
808 4169 852 4232 rei
874 4169 918 4232 ita
941 4168 1100 4244 convenit,
1126 4175 1162 4232 ut
1184 4171 1339 4254 argutiore

325 4284 529 4368 explicatione
559 4307 621 4349 non
649 4306 727 4369 opus
750 4284 800 4348 eit.
848 4283 938 4349 Ocni.
962 4307 1040 4370 quae
1063 4285 1102 4348 ad
1126 4283 1176 4348 Ol.
1201 4285 1253 4350 III
1277 4311 1339 4353 mo-

327 4401 451 4474 nuimus
486 4425 554 4491 pag.
591 4404 666 4466 322.
714 4401 794 4466 Mihi
828 4423 949 4467 carmen
983 4403 1118 4487 Aeginae
1148 4402 1338 4472 destinatum
