3725 5542
838 706 900 764 225

362 912 408 969 est
439 905 502 969 fato
532 905 658 982 datum,
689 904 811 969 divitias
844 913 874 967 et
898 903 992 969 decus
1015 904 1142 969 afferens
1166 905 1204 969 ad
1228 907 1377 991 genuinas
1412 912 1453 973 20

363 1024 503 1087 virtutes.
550 1021 664 1087 Verum
697 1045 715 1086 o
746 1022 887 1086 Saturnie
914 1022 958 1086 fili
981 1021 1100 1099 Rheae,
1126 1022 1228 1087 sedern
1252 1023 1376 1109 Olympi

363 1142 521 1219 habitans,
536 1142 799 1227 certaminumque
812 1140 933 1205 culmen
947 1141 1121 1226 flumenque
1136 1141 1264 1227 Alphei,
1278 1142 1376 1207 oblec-

362 1267 445 1324 tatus
476 1260 661 1325 carminibus
693 1260 859 1325 benevolus
891 1282 999 1345 agrum
1030 1260 1165 1345 patrium
1196 1261 1258 1325 illis
1291 1272 1377 1328 tuere

362 1378 452 1443 ctiam
483 1388 605 1464 postero
628 1379 742 1463 generi.
791 1378 904 1445 Rerum
928 1379 1078 1443 factarum
1101 1379 1149 1444 vel
1169 1380 1239 1465 jure
1262 1381 1308 1445 vel
1332 1382 1377 1446 in·
1412 1386 1453 1446 30

357 1498 438 1580 juria
469 1520 507 1563 ne
538 1504 660 1583 tempus
691 1498 815 1583 quidem
844 1498 983 1563 omnium
1007 1520 1117 1584 parens
1141 1499 1287 1564 infectum
1311 1500 1377 1564 red-

359 1614 430 1679 dere
453 1615 550 1700 possit
573 1624 733 1681 eventum:
758 1638 863 1681 rernm
887 1615 1094 1681 oblivionum
1118 1616 1200 1680 felici
1224 1616 1288 1681 fato
1312 1619 1376 1683 fieri

361 1742 470 1818 potest.
521 1734 600 1799 Nam
626 1735 714 1801 bonis
738 1734 895 1821 agaudiis
919 1736 1034 1801 malum
1058 1736 1205 1801 infestum
1225 1736 1376 1802 domitum

360 1853 502 1931 moritur,
529 1853 581 1919 nbi
605 1854 662 1919 Dei
687 1854 782 1919 Parca
802 1854 935 1919 sublime
958 1854 1060 1920 evehit
1076 1854 1169 1920 altam
1187 1854 1374 1920 felicitatem.

360 1968 511 2035 Convenit
541 1994 639 2035 sermo
662 1974 754 2056 regiis
778 1972 886 2037 Cadmi
910 1972 1050 2051 filiabus,
1075 1996 1153 2058 quae
1177 1996 1287 2071 magua
1310 1997 1376 2059 pas-
1412 1978 1453 2037 -tu

359 2112 409 2153 sac
433 2100 514 2153 suut.
563 2088 622 2155 Sed
648 2090 751 2155 luctus
774 2091 875 2175 gravis
899 2090 982 2154 cedit
1005 2090 1173 2176 majoribus
1189 2114 1261 2177 prae
1276 2093 1375 2157 bonis.

359 2206 445 2271 Vivit
476 2207 507 2271 in
540 2206 692 2293 Olympiis
724 2216 844 2273 mortua
878 2209 1000 2273 fremitu
1025 2209 1163 2274 fulminis
1186 2218 1306 2275 comate
1327 2210 1377 2275 Se·

360 2326 456 2401 mele,
483 2334 513 2389 et
537 2334 618 2389 amat
642 2351 706 2393 eam
731 2326 834 2392 Pallas
858 2350 986 2412 semper,
1008 2335 1039 2392 et
1054 2327 1177 2412 Jupiter
1193 2338 1279 2415 pater
1295 2352 1377 2413 mag·

359 2466 490 2530 uopcrc,
515 2456 658 2529 amatque
683 2445 762 2510 filius
788 2446 954 2531 hederiger.
991 2446 1109 2510 Dicunt
1127 2448 1219 2512 etiam
1242 2448 1275 2512 in
1299 2450 1375 2513 mari
1412 2452 1454 2512 tu

361 2586 430 2627 cnm
456 2563 577 2628 filiabus
601 2564 695 2629 Nerei
719 2565 844 2629 marinis
868 2564 962 2628 vitam
986 2564 1189 2629 immortalem
1213 2566 1284 2631 Inoi
1307 2589 1377 2631 con·

360 2682 500 2747 stitutam
537 2704 601 2747 esse
637 2706 690 2767 per
721 2704 811 2748 omne
845 2690 977 2768 tempus.
1024 2682 1165 2747 Profecto
1200 2685 1377 2751 mortalium

360 2824 420 2866 non
445 2810 618 2887 compertus
643 2810 687 2866 est
716 2803 864 2866 terminus
891 2801 1018 2878 mortis,
1043 2802 1167 2886 qnando
1184 2805 1209 2875 't
1232 2827 1271 2868 ne
1295 2806 1379 2889 quie·

302 2888 308 2899 ¹
360 2928 427 2985 tum
452 2920 532 2985 diem
557 2920 700 3005 quidem,
725 2922 825 2986 filium
849 2920 940 2999 solis,
969 2942 1038 2985 curn
1063 2920 1183 3007 integro
1208 2922 1289 2987 bono
1313 2924 1378 2987 fini·
1413 2928 1454 2987 6⁰

362 3040 423 3105 turi
455 3063 579 3105 sumne:
612 3040 725 3107 fluctus
753 3042 827 3106 aliae
851 3041 903 3106 alii
927 3062 997 3105 curn
1020 3040 1143 3127 gaudiis
1166 3050 1197 3107 ct
1220 3042 1377 3110 laboribus

359 3158 397 3222 ad
420 3158 560 3225 homines
584 3161 722 3224 veniunt.
770 3159 819 3224 Sic
843 3160 955 3239 Parca,
981 3182 1061 3245 qnae
1083 3168 1245 3245 paternum
1266 3162 1376 3228 horum

358 3276 451 3343 habet
474 3278 590 3343 laetum
614 3278 712 3343 fatum
736 3300 806 3343 oum
831 3278 903 3361 data
926 3278 1077 3344 divinitus
1093 3279 1229 3359 fortuna,
1248 3281 1376 3346 adducit

359 3396 450 3460 etiam
482 3396 606 3482 aliquod
636 3397 752 3463 malum
776 3399 966 3463 contrarium
989 3398 1050 3462 alio
1073 3405 1226 3483 tempore:
1252 3424 1288 3465 ex
1313 3425 1375 3487 quo
1411 3404 1451 3466 70

358 3516 512 3581 interfecit
541 3514 653 3602 Lajum
684 3517 786 3582 fatalis
817 3518 898 3581 filius
930 3516 1052 3582 obviam
1075 3517 1192 3596 factus,
1217 3527 1248 3582 et
1271 3542 1375 3585 oracu-

358 3634 422 3699 lum
446 3633 518 3698 olim
540 3633 681 3719 Pythone
698 3635 804 3701 datum
820 3635 963 3721 explevit.
1001 3634 1119 3699 Videna
1135 3643 1225 3700 acuta
1240 3636 1372 3723 Erinnys

357 3753 510 3818 interfecit
526 3754 590 3839 ejus
607 3776 678 3819 oum
695 3754 786 3819 caede
802 3762 912 3819 mutua
927 3754 1068 3819 martiam
1083 3754 1210 3839 prolem.
1236 3754 1372 3821 Relictas

356 3882 402 3935 est
432 3872 571 3958 Polynici
601 3882 753 3958 prostrato
777 3874 986 3954 Thersander,
1011 3877 1042 3940 in
1063 3877 1254 3961 juvenilibus
1278 3889 1372 3944 certa·

356 3993 492 4057 minibus
524 3994 619 4077 inque
650 3993 773 4078 proeliis
808 3994 882 4059 belli
917 3996 1105 4075 honoratus,
1137 3997 1371 4064 Adrastidarum
1407 4002 1448 4059 80

362 4175 428 4182 -.—-.
458 4176 545 4183 .---.-

391 4296 413 4355 l)
431 4294 534 4360 Quando
555 4294 668 4344 couenlto
693 4296 776 4359 posui,
795 4311 878 4345 rernm
897 4295 1074 4361 significatione
1091 4300 1195 4360 causali,
1213 4317 1261 4365 qua
1277 4303 1373 4366 aeepina

354 4390 448 4454 quidem
473 4390 666 4455 quandoquidem
692 4390 819 4452 scribitur,
844 4396 868 4441 at
890 4394 972 4441 tamen
995 4392 1066 4442 etiarn
1092 4395 1196 4457 quando.
1231 4396 1299 4456 Feci,
1324 4416 1372 4462 quo

354 4484 494 4549 diligentins
511 4486 628 4536 Graecum
648 4490 717 4539 ὁπότε
734 4488 899 4551 exprirnerem.

1209 4600 1245 4655 15
