3725 5542
967 666 1031 728 8⁷4

501 866 557 929 ris:
582 866 619 930 de
642 868 788 953 temporis
811 867 928 953 spatio,
953 888 1015 949 qno
1037 866 1097 929 hoo
1119 864 1293 931 certaminis
1315 887 1411 948 genus
1430 863 1505 940 luit,

498 985 674 1069 scripsimus
698 985 736 1049 ad
760 984 811 1048 Ol.
834 984 891 1062 IV,
916 1008 946 1069 p.
971 987 1055 1061 342,
1079 986 1153 1047 343.
1200 983 1269 1046 Hoc
1291 982 1415 1067 quidem
1440 981 1506 1044 loco

500 1103 663 1167 scholiasta
685 1105 775 1168 hem
799 1104 837 1168 ab
861 1103 928 1167 aliis
952 1104 1025 1188 poni
1048 1103 1124 1167 dicit
1145 1102 1196 1165 Ol.
1222 1104 1278 1178 85,
1302 1101 1341 1165 ab
1363 1100 1431 1164 aliis
1451 1103 1504 1162 86.

432 1236 436 1247 ’
500 1221 559 1285 Sed
597 1232 781 1286 memoratur
819 1244 852 1285 vs
892 1223 954 1285 158
994 1221 1138 1285 Hieronis
1171 1221 1255 1304 regia
1289 1219 1506 1303 Syracusarum
1589 1202 1595 1215 ’

501 1339 651 1423 dignitas:
676 1340 735 1403 fuit
758 1348 861 1405 autem
884 1340 938 1404 illa
961 1339 999 1405 ab
1021 1338 1072 1403 Ol.
1098 1336 1503 1403 venenositas.

502 1458 583 1543 Ergo
613 1458 693 1523 intra
723 1458 802 1523 illud
825 1466 947 1543 tempus
970 1458 1099 1541 Agesiae
1126 1457 1253 1520 victoria
1274 1456 1343 1519 fuit.
1388 1454 1506 1533 Causa,

501 1600 555 1641 cnr
584 1576 756 1642 Boeclhius
786 1600 803 1641 e
829 1600 862 1641 vs
889 1579 951 1641 162
975 1576 1084 1653 efficit,
1107 1576 1201 1641 fuisse
1224 1597 1291 1639 eam
1314 1584 1383 1660 post
1405 1573 1508 1639 condi·

501 1704 563 1760 tam
587 1696 624 1761 ab
648 1696 781 1761 Hierone
803 1698 936 1761 Aetnam
958 1695 1082 1770 urbem,
1105 1717 1166 1759 non
1190 1695 1264 1759 satis
1284 1693 1506 1779 probabilitatis

502 1812 612 1879 habere
636 1814 773 1879 videtur:
799 1812 836 1877 de
860 1836 921 1897 quo
944 1813 983 1878 ad
1005 1834 1076 1877 oum
1098 1812 1200 1877 locum
1223 1812 1457 1898 disputabimus.

548 2047 649 2113 Habet
679 2070 799 2111 carmen
831 2048 987 2133 egregium
1011 2048 1168 2113 exordium
1191 2049 1229 2113 de
1251 2049 1343 2114 lande
1366 2050 1506 2128 victoris,

506 2170 630 2233 l-ll:
654 2176 721 2231 tum
743 2168 1000 2252 comparationem
1023 2167 1220 2253 Amphiarai,
1235 2170 1375 2233 18-86,
1399 2168 1508 2233 'lhans

502 2286 580 2349 itum
603 2285 642 2350 ad
664 2286 791 2369 majores
815 2286 896 2371 ejus,
916 2286 1064 2351 37—47:
1088 2286 1292 2350 narrationem
1314 2286 1353 2350 de
1368 2285 1508 2361 bladus,

503 2404 566 2467 filia
589 2402 727 2488 Neptuni
750 2416 782 2467 at
803 2404 945 2481 Pitanae,
970 2402 1052 2489 apud
1076 2404 1209 2468 Arcadas
1229 2404 1268 2470 ab
1284 2408 1403 2490 Aepyto
1418 2405 1510 2470 heroe

505 2522 648 2600 educata,
673 2524 814 2587 48—57.
838 2521 932 2600 Tum,
957 2522 1112 2607 quomodo
1133 2522 1289 2608 Apollinis
1311 2532 1342 2588 et
1365 2523 1509 2587 Evadnae

505 2641 586 2705 lilius
619 2640 726 2705 Jamus
760 2641 928 2720 exstiterit,
960 2662 1092 2725 eumque
1122 2649 1276 2726 serpentes
1306 2643 1508 2722 nutriverint,

505 2769 536 2823 et
562 2760 626 2843 ipse
650 2760 772 2825 loturus
796 2759 888 2823 fuerit
911 2766 994 2823 vates
1017 2759 1148 2823 eximius
1170 2769 1202 2823 et
1222 2760 1332 2845 longae
1354 2762 1510 2846 progeniei

505 2886 612 2941 auctor
641 2900 676 2941 ao
706 2876 888 2941 duraturae:
918 2878 1060 2941 58-90.
1106 2874 1193 2956 Quae
1216 2877 1311 2943 fuerit
1332 2880 1398 2963 ejns
1421 2901 1511 2943 musa

506 2996 654 3060 nominis:
680 2996 821 3059 tri-ss.
851 2994 1005 3059 Adultum
1026 2995 1175 3060 invocatis
1197 2995 1344 3081 Neptuno
1366 3007 1397 3061 et
1420 2997 1513 3083 Apol·

506 3112 568 3175 line
591 3112 742 3197 accepisse
765 3112 1013 3177 vaticinationem
1036 3120 1080 3191 et,
1107 3112 1191 3177 ludis
1210 3113 1249 3179 ab
1271 3114 1405 3179 Hercule
1427 3116 1513 3179 insti·

506 3232 602 3308 tutis,
626 3230 783 3295 oraculum
806 3230 979 3295 condidisse
1000 3229 1177 3317 Olympiae:
1203 3235 1367 3299 sc-us.
1400 3234 1512 3299 Exillo

507 3349 656 3414 illustrem
679 3356 802 3433 gentem
824 3371 889 3413 esse
911 3348 1121 3414 Jamidarnm:
1150 3353 1333 3415 lac-124.
1358 3350 1512 3416 Victoriae

509 3469 637 3553 Agesiae
660 3467 801 3545 laudam,
825 3477 856 3532 et
878 3466 983 3533 deberi
1004 3491 1070 3533 eam
1093 3467 1264 3547 Mercurio,
1281 3492 1300 3532 a
1315 3469 1513 3555 Stymphaliis

508 3588 652 3653 maternis
676 3588 741 3672 ejus
764 3586 929 3672 majoribus
952 3586 1002 3671 pie
1024 3586 1126 3651 culto:
1147 3588 1330 3651 les-ias.
1354 3587 1516 3674 cognatio-

509 3728 578 3768 nem
601 3704 775 3769 Thebarum
798 3714 829 3769 et·
851 3703 1039 3788 Stymphali:
1067 3706 1256 3767 lio-148:
1281 3704 1403 3771 landem
1420 3706 1516 3773 Junc-

510 3824 557 3887 nis
579 3832 610 3887 et
625 3822 860 3887 vindicationem
876 3822 1109 3887 existimationis
1123 3822 1311 3888 Thebarum:
1331 3828 1515 3890 148-158,

509 3940 726 4024 Syracusarum
756 3940 878 4005 laudem
910 3950 941 4006 et
971 3942 1133 4020 Hieronis,
1168 3944 1295 4028 ejusque
1326 3956 1358 4008 et
1387 3946 1515 4030 Agssiae

511 4058 690 4123 amicitiam:
718 4062 902 4124 153-173.
948 4059 1030 4123 Vota
1062 4060 1102 4125 dc
1134 4061 1257 4126 illorum
1287 4062 1387 4127 salute
1416 4072 1449 4127 et
1477 4062 1515 4127 de

513 4200 569 4241 sua
590 4178 756 4241 caminum
780 4177 894 4262 gloria:
922 4180 1106 4244 iva-180.

556 4416 586 4478 3.
620 4417 657 4487 ὡς
688 4414 745 4480 ὅτε.
780 4414 915 4480 Verbum
946 4414 1096 4493 πάξομν,
1127 4416 1210 4501 quod
1239 4417 1333 4483 habet
1359 4419 1512 4507 objectum
