3725 5542
974 723 1039 783 396

498 943 563 984 esse
585 920 830 996 contenderunt,
858 925 966 983 contra
989 939 1059 982 vero
1082 918 1221 985 Thebani
1244 943 1353 985 snum:
1378 921 1509 985 Pausan.

496 1036 533 1101 1..
558 1036 593 1102 Π
616 1037 651 1102 G.
675 1037 706 1090 V
729 1041 759 1100 2.

536 1153 611 1218 Fuit
633 1162 736 1219 autem
757 1152 872 1217 Thebis
894 1153 1042 1238 templum
1064 1150 1225 1231 Herculis,
1243 1153 1349 1238 ibique
1365 1177 1508 1240 expressa

494 1293 512 1334 a
547 1270 698 1335 Praxitele
732 1270 879 1355 pleraque
910 1292 947 1333 ex
982 1269 1145 1335 duodecim
1177 1270 1321 1335 Herculis
1344 1271 1506 1356 operibus:

493 1409 599 1453 verum
628 1396 782 1453 certamen
812 1387 878 1470 ejus
910 1385 1056 1451 adversus
1083 1409 1153 1450 aves
1176 1386 1401 1472 Stymphalicas
1424 1411 1510 1474 prae·

493 1505 684 1569 termissum:
715 1505 847 1569 Pausan.
877 1502 917 1568 L.
949 1503 998 1567 IX
1028 1503 1054 1567 Ο
1085 1503 1135 1568 XI
1165 1507 1196 1568 3.
1244 1505 1348 1590 Atque
1381 1506 1440 1570 hoc
1466 1507 1511 1571 ita

494 1623 610 1686 factum
632 1645 698 1686 esse
720 1624 752 1686 iu
775 1621 928 1686 amicitiae
952 1630 983 1685 et
1005 1622 1196 1706 cognationis
1219 1622 1343 1688 Thebae
1364 1631 1395 1687 et
1409 1621 1510 1708 Stym-

494 1738 579 1825 phali
609 1739 820 1803 testimonium
852 1760 915 1802 nou
948 1738 1151 1816 affirmavero,
1185 1739 1238 1803 sed
1268 1749 1372 1804 tanmn
1398 1761 1511 1804 memo-

495 1855 627 1919 randum
650 1877 717 1918 esse
736 1854 882 1939 judicavi.

543 1975 616 2035 144.
651 1974 779 2046 εὐανθὴς.
814 1971 982 2056 Epitheton
1011 1971 1175 2057 Nymphae
1196 1981 1352 2038 venustae.

543 2090 617 2152 145.
652 2087 838 2165 [lantiam.
872 2089 1043 2174 Epitheton
1078 2089 1210 2154 civitatis
1244 2098 1369 2174 propter
1396 2090 1508 2156 civium

496 2206 708 2271 fortitudinem
732 2205 893 2292 Nymphae
915 2206 1079 2270 tributum.
1126 2205 1182 2271 lat.
1206 2206 1224 2269 I
1249 2209 1266 2270 l

752 2327 860 2403 Μᾶτερ
881 2323 944 2400 ἐμὲ
965 2323 1119 2404 χρύσασπι
1143 2323 1244 2400 Gallia.

497 2439 668 2505 Scholiasta
691 2440 729 2504 ad
753 2441 808 2525 Py.
832 2440 880 2504 IV
903 2444 964 2517 25,
994 2440 1121 2505 afferens
1145 2440 1336 2526 exemplum:
1360 2441 1510 2522 εὐάρμπε

497 2560 682 2639 χαυσοχλτων
713 2560 865 2637 teporem
895 2556 1032 2634 ἄγαλμα
1063 2558 1171 2635 Gallia:
1204 2557 1340 2622 ostendit
1366 2560 1509 2637 omuino,

497 2675 635 2759 epitheta
656 2675 794 2739 locorum
816 2684 848 2739 et
871 2674 1033 2739 heroidum
1057 2675 1275 2740 communicari
1298 2677 1379 2740 inter
1402 2697 1444 2741 se.

545 2794 619 2856 146.
652 2796 710 2863 τᾶς
734 2791 813 2872 ttop.
848 2789 887 2855 In
910 2791 1035 2856 scholiis
1059 2792 1211 2858 veteribus
1233 2797 1291 2865 τᾶς
1314 2793 1446 2858 refertur
1469 2793 1507 2858 ad

496 2906 660 2993 Metopen:
684 2930 740 2972 nec
763 2908 822 2972 hoc
845 2909 967 2994 proprie
990 2910 1247 2994 interpretantur,
1264 2910 1317 2974 sed
1333 2911 1509 2996 gustatione

496 3046 594 3106 aquae
606 3024 774 3089 Arcadicae
785 3025 951 3110 significari
964 3025 1070 3090 laudes
1087 3033 1118 3089 et
1138 3027 1290 3104 carmina,
1307 3050 1386 3111 quae
1398 3027 1508 3092 Pinda-

496 3163 551 3204 rua
573 3142 669 3206 donat
691 3142 831 3227 Agesiae.
866 3141 941 3204 Non
951 3142 996 3204 ita
1007 3164 1073 3206 esse
1084 3143 1162 3207 mihi
1176 3142 1304 3208 videtur.
1329 3147 1396 3216 Ταῖς
1411 3144 1508 3208 refero

496 3257 537 3322 ad
566 3257 711 3323 Theben:
744 3259 826 3341 ejus,
857 3259 964 3322 matris
995 3281 1086 3335 suae,
1111 3259 1253 3324 dilectam
1278 3281 1388 3343 aquam
1412 3281 1445 3324 se
1467 3259 1510 3324 bi·

496 3375 569 3441 bere
591 3376 692 3439 cauit:
717 3376 781 3438 siue
803 3396 840 3438 ea
862 3396 944 3459 aqua
965 3374 1082 3439 Ismeni
1105 3375 1181 3454 fuit,
1208 3378 1260 3460 qui
1284 3385 1315 3440 et
1338 3377 1405 3462 ipse
1428 3375 1510 3441 filius

497 3494 596 3577 Asopi
625 3491 702 3555 fuit:
734 3489 881 3577 Apollod.
910 3490 950 3557 1..
973 3491 1027 3556 111
1049 3492 1084 3557 Ο.
1109 3493 1192 3557 XII:
1217 3494 1279 3560 aive
1302 3495 1428 3578 quaevis
1450 3493 1511 3559 alia

497 3609 563 3693 agri
586 3607 736 3673 Thebani.

544 3729 619 3791 147.
654 3727 851 3807 αἰχμκταῑσι.
887 3726 936 3791 Of.
964 3729 1123 3792 mactatio
1149 3727 1190 3792 ad
1212 3751 1246 3792 vs
1274 3731 1324 3793 lo.
1370 3728 1421 3793 Ad
1443 3750 1511 3792 seu-

496 3842 955 3910 mmffifflfflffl

546 3963 619 4025 149.
654 3963 755 4029 Αἰνέα.
782 3963 908 4027 Aenean
924 3963 1011 4027 chori
1025 3963 1207 4048 magistrum
1221 3963 1332 4041 fuisse,
1349 3964 1400 4028 oni
1415 3963 1511 4028 Poeta

496 4107 618 4150 carmen
641 4086 846 4162 commiserit,
870 4084 997 4148 tradunt
1020 4082 1211 4148 scholiastae.

545 4205 618 4267 150.
639 4202 733 4282 Ἥραν
744 4203 913 4282 Παρθενίαν.
937 4199 1093 4265 Junouem
1112 4224 1130 4264 a
1149 4200 1260 4264 Samiis
1277 4201 1309 4266 in
1322 4201 1429 4286 primis
1441 4199 1511 4262 ado-

497 4329 594 4385 ratam
611 4321 706 4384 fuisse
725 4328 837 4383 notum
852 4329 900 4382 est
918 4318 1077 4384 omuibus:
1101 4327 1194 4403 atque
1206 4341 1273 4383 eam
1288 4325 1393 4383 natm
1415 4317 1509 4381 luisse

498 4437 581 4524 apud
604 4459 637 4500 se
660 4436 699 4499 ad
722 4436 851 4500 fluvium
875 4435 1047 4502 Imbrasum
1075 4437 1178 4500 dixere
1201 4435 1312 4500 Samii:
1327 4433 1506 4499 Pansamh
