3725 5542
1002 698 1065 757 502

525 921 616 984 qnam
649 899 740 962 modo
776 896 867 962 Poeta
894 898 990 974 dixit,
1023 918 1086 982 qua
1116 897 1186 981 quis
1209 904 1339 959 conetur
1363 893 1543 957 lortioribns

527 1016 698 1080 adversari:
732 1017 790 1079 bac
820 1017 934 1100 pariter
963 1013 1168 1091 Moliouidae,
1201 1012 1346 1077 Herculis
1379 1010 1546 1075 exereitum

529 1135 630 1198 delere
661 1134 747 1210 ausi,
780 1134 950 1217 perierant:
990 1132 1046 1195 hac
1079 1138 1251 1216 postremus
1284 1134 1407 1213 Augeas
1436 1128 1547 1212 periit,

527 1252 626 1315 eidem
651 1252 715 1314 viro
739 1250 928 1313 adversatus.
953 1248 994 1311 Et
1020 1269 1106 1324 vcro,
1133 1270 1209 1331 quae
1230 1246 1381 1331 posterior
1396 1246 1547 1309 occisione

530 1368 773 1431 Molionidarnm
803 1366 879 1441 suit,
903 1364 1008 1429 malem
1033 1372 1186 1449 postrema
1210 1363 1302 1447 hujus
1326 1362 1451 1446 quidem
1474 1361 1548 1425 balli

527 1484 630 1548 clades
653 1484 732 1561 fnit,
756 1492 787 1547 et
810 1483 886 1559 hoo,
911 1482 967 1565 qui
991 1481 1143 1556 restabat,
1169 1480 1257 1543 hoste
1280 1479 1419 1554 demoto,
1434 1478 1551 1542 Heron-

527 1602 572 1666 les
596 1602 709 1664 festum
731 1599 878 1663 institnit.

574 1722 627 1782 49.
662 1718 784 1788 ἁλώσιος
808 1718 951 1787 ἄντήσοις.
990 1712 1101 1779 Aesoh.
1126 1713 1201 1799 Sup.
1225 1716 1269 1778 >lb

763 1833 870 1911 appias
896 1832 969 1904 ἁλὸς
993 1833 1175 1905 οὶντήσοιντες
1197 1830 1313 1895 ὄλοιντο.

572 1949 668 2034 Soph.
693 1949 770 2013 Oed.
795 1950 864 2013 Col.
892 1948 1255 2023 teloneariorum.

575 2070 628 2131 51.
663 2065 804 2141 ἕνΠίσρ.
841 2066 1006 2151 Conjnngo
1029 2088 1099 2130 oum
1123 2066 1290 2142 σταθμᾶτο.

576 2186 629 2247 53.
663 2182 766 2253 ἄλσος.
801 2183 878 2247 Fere
900 2183 1006 2246 locum
1029 2182 1199 2266 significare
1222 2182 1319 2259 solet,
1336 2182 1388 2246 aed
1407 2182 1550 2247 hocloco

530 2310 651 2365 tantum
677 2300 779 2364 looum
804 2323 943 2376 sacrum,
968 2301 1022 2383 qui
1047 2298 1170 2383 quidem
1195 2300 1287 2363 etiam
1315 2309 1380 2363 tum
1405 2309 1471 2363 erat
1498 2322 1554 2364 nu·

532 2418 591 2480 dns
616 2416 792 2481 arboribus:
818 2416 902 2500 quod
926 2416 1050 2500 quidem
1072 2417 1208 2480 tenuisse
1226 2416 1410 2493 Pindarum,
1427 2428 1554 2501 apparet

529 2556 618 2610 mox,
650 2537 681 2597 ἐν
704 2534 827 2613 ιιοιήοὶρῳ.
874 2533 962 2597 Idem
985 2534 1140 2617 copiosius
1166 2534 1312 2617 proponit
1334 2532 1384 2597 Ol.
1409 2534 1462 2597 III
1485 2538 1548 2611 4⁰,

532 2660 563 2714 et
597 2660 704 2735 postea
735 2650 856 2715 arbores
888 2672 924 2713 eo
956 2650 993 2714 ab
1018 2650 1152 2714 Hercule
1177 2659 1312 2734 portatas
1337 2672 1411 2713 esse.
1459 2650 1550 2714 (loni.

533 2766 692 2832 annotatio
722 2767 762 2830 ad
791 2766 842 2829 Ol.
874 2765 918 2829 vl
950 2768 1003 2830 39.
1050 2766 1169 2831 lbidem
1197 2766 1305 2830 similis
1330 2788 1405 2830 nsua
1429 2778 1475 2831 ast
1497 2768 1551 2831 ail-

529 2885 636 2969 jectivi
658 2884 766 2963 ζάδοος.

579 3004 631 3065 55.
661 3002 779 3065 Ἄλτιν.
815 3000 982 3064 Pausanias
1010 3000 1048 3064 L.
1074 3000 1100 3060 V
1133 3000 1168 3064 Ο.
1194 3000 1224 3063 Χ
1250 3004 1264 3063 l
1290 3003 1324 3065 τὸ
1348 3002 1380 3064 δὲ’
1403 3002 1493 3071 ἄλσος
1516 3002 1551 3065 τὸ

532 3120 603 3197 ἱερὸν
626 3125 676 3182 τοῦ
699 3116 768 3187 Διὸς
791 3118 1047 3195 προσποιήσαντες
1069 3117 1103 3181 τὸ
1125 3118 1216 3193 ἄνομοι
1234 3116 1344 3181 Ἄλτιν
1365 3118 1399 3181 ἐκ
1423 3122 1553 3181 παλαιοῦ

533 3242 671 3311 καλοῦσι,
694 3236 745 3299 ‚ut
767 3235 801 3306 δή
822 3235 872 3298 axi
895 3234 1025 3312 Πινδάρῳ
1047 3236 1198 3309 ποιήσοντι
1222 3237 1251 3305 ἐς
1275 3233 1365 3312 ἄνδρα
1388 3235 1552 3311 Ὀλυμπιο-

534 3354 612 3427 νίκην
641 3352 729 3435 ξισμιι
752 3352 862 3423 Ἄλτις
891 3351 1099 3427 ἐπωνόμασται
1126 3353 1160 3416 τό
1182 3353 1294 3432 χοιρίον.
1342 3352 1388 3417 De
1412 3352 1552 3417 vocabuli

535 3470 720 3554 etymologia
750 3470 830 3533 conf.
863 3469 1022 3532 annotatio
1051 3470 1160 3533 critica
1191 3468 1229 3533 ad
1258 3469 1310 3533 Ol.
1335 3468 1462 3533 11130.
1509 3472 1553 3533 nt

535 3609 719 3671 quamquam
750 3587 841 3655 ἄλσος
873 3594 904 3648 et
926 3584 1014 3656 ἄλτις
1037 3586 1207 3649 communis
1232 3586 1359 3671 originis
1382 3608 1439 3651 uec
1461 3586 1550 3649 dissi·

536 3704 617 3768 milia
639 3704 870 3788 significationis
892 3726 959 3767 esse
983 3704 1161 3781 videantur,
1186 3714 1288 3771 tamen
1305 3705 1393 3769 {anile
1411 3704 1552 3768 hocloco

536 3822 618 3884 inter
646 3843 679 3882 se
708 3820 961 3905 distinguuntur,
994 3843 1049 3884 noc
1082 3820 1232 3885 Pindarus
1260 3822 1474 3905 etymologiam
1498 3821 1551 3884 sed

537 3960 653 4001 morem
684 3948 809 4000 secutus
840 3947 903 4015 est,
936 3961 998 4023 quo
1022 3939 1103 4002 Altis
1127 3940 1249 4003 nomine
1272 3940 1397 4023 proprio
1420 3939 1472 4002 illc
1494 3950 1555 4002 ter·

538 4054 673 4117 minatus
695 4054 781 4117 lovis
804 4055 894 4119 lnons
909 4055 1036 4119 Pisaeus
1051 4055 1272 4140 appellabatur.
1308 4054 1452 4120 Getarum
1471 4056 1552 4120 altis

539 4172 694 4234 continuit
725 4180 791 4236 tum
822 4173 883 4236 alia
912 4181 981 4237 tum
1012 4174 1237 4237 sanctissimum
1267 4173 1356 4237 lovis
1384 4172 1552 4258 templum:

540 4294 632 4371 atqua
647 4288 706 4352 hoo
718 4288 785 4352 loco
796 4289 923 4353 Pindari
936 4290 1060 4354 omnino
1072 4292 1132 4355 tria
1143 4291 1371 4375 significantur,
1383 4292 1479 4354 totins
1492 4290 1553 4353 loci

540 4406 744 4483 consumatio,
776 4406 858 4469 Altis
882 4407 1074 4483 terminatio,
1098 4408 1341 4491 circumjacentia
1365 4407 1463 4493 campi
1486 4406 1557 4470 ‹les-
