3725 5542
822 701 886 763 385

350 904 479 988 positam
504 904 706 969 narrationem
730 902 826 967 Poeta
849 902 927 967 redit
951 926 1079 989 eamque
1102 904 1243 970 absolvit.
1268 903 1360 968 Geni-

350 1022 431 1086 tirus
454 1028 509 1087 τῶν
534 1044 594 1085 non
619 1030 664 1085 est
686 1021 828 1105 partitive
852 1022 970 1105 positus
993 1044 1063 1086 eum
1087 1022 1178 1088 verbo
1196 1029 1359 1105 Φυτεῦσαι,

350 1140 402 1205 sed
433 1139 547 1225 pendet
578 1140 615 1205 ab
646 1137 756 1218 iustos,
789 1147 820 1203 et
850 1140 882 1203 in
913 1148 1060 1219 φυτεῦσαι
1091 1141 1173 1205 idem
1205 1142 1360 1226 objectum

351 1258 549 1343 intelligitur:
575 1258 657 1341 quod
681 1257 712 1321 in
736 1258 987 1342 interpretatione
1010 1257 1122 1325 Latina
1145 1260 1359 1344 expressimus.

396 1378 448 1440 61.
483 1376 534 1440 καί
556 1399 612 1439 νυν.
648 1374 783 1439 Metrum
810 1374 950 1460 postulat
972 1383 1009 1439 ut
1030 1401 1078 1441 νυν
1101 1378 1143 1441 sit
1165 1376 1362 1454 enelitioum,

351 1504 382 1558 et
411 1502 513 1559 tamen
544 1492 679 1559 adverbii
707 1492 883 1578 temporalia
907 1494 1161 1579 significationem
1183 1496 1215 1560 in
1240 1518 1275 1559 ea
1298 1518 1364 1581 par·

351 1613 447 1677 tioula
477 1612 599 1677 retineri
631 1611 780 1675 existimo.
828 1611 914 1676 Idem
946 1613 1065 1677 obtinet
1096 1611 1146 1678 Ol.
1171 1612 1236 1678 VII
1265 1616 1307 1677 23
1332 1623 1364 1679 et

351 1732 405 1815 Py.
437 1730 484 1795 XI
516 1732 567 1795 13.
614 1729 655 1793 Et
685 1728 789 1793 Latini
826 1730 940 1815 pariter
970 1730 1148 1796 adverbium
1180 1754 1262 1796 nune
1293 1742 1364 1817 post

352 1852 444 1916 etiam
467 1860 588 1937 ponunt
611 1852 766 1929 enclitioe,
799 1852 966 1917 scribentes
990 1855 1163 1919 etiamnunc
1187 1854 1235 1919 ael
1258 1855 1365 1919 etiam·

353 1992 443 2049 uum,
468 1992 530 2035 non
553 1978 654 2035 tamen
678 1972 823 2056 temporis
847 1972 1070 2056 sigrntioatione
1093 1973 1260 2039 deminuta.
1307 1972 1364 2035 'la-

352 2112 420 2153 men
452 2088 503 2155 aa!
532 2115 579 2155 νυν
610 2090 711 2174 potius
739 2088 891 2174 signifieat
914 2112 997 2155 nune
1020 2112 1152 2177 quoque.
1177 2089 1363 2176 Sophocles,

353 2209 401 2292 Aj.
428 2210 467 2273 87
1261 2214 1265 2221 ’

707 2326 783 2402 σίγα
806 2350 852 2390 νυν
874 2326 981 2399 ἑστώς·

352 2444 457 2529 ibique
480 2443 661 2507 scholiasta:
685 2446 719 2509 ‘ri
742 2450 789 2509 νῦν
813 2444 891 2529 (lego
915 2448 974 2529 νυν)
997 2452 1100 2521 τοῦτο,
1124 2449 1149 2512 ai
1168 2448 1217 2511 aa}
1233 2447 1298 2511 ἀντὶ
1314 2454 1365 2513 τοῦ

353 2564 385 2637 δὴ
408 2563 501 2637 ἐστὶν,
525 2564 595 2627 ἀλλ’
618 2563 682 2645 ἔχει
704 2564 755 2629 aul
776 2588 842 2629 τινα
865 2565 999 2647 iudaea
1023 2572 1130 2646 καιροῦ.
1170 2564 1212 2629 Et
1233 2565 1365 2631 Thomas

357 2680 455 2764 Mag„
484 2682 614 2745 eundem
637 2681 737 2745 locum
761 2683 903 2747 afferens:
927 2689 1056 2764 χρῶνται
1080 2685 1109 2749 δὲ
1132 2684 1154 2749 oi
1178 2686 1313 2764 τραγικοί
1332 2712 1365 2749 τε

355 2799 404 2864 καὶ
427 2801 543 2877 κωμικοὶ
567 2800 616 2865 καὶ
640 2801 723 2881 ἑτέρῳ
745 2825 810 2877 νυν,
834 2802 1051 2883 retempta
1076 2805 1129 2881 pt
1151 2803 1216 2868 aar}
1241 2811 1291 2869 τοῦ
1314 2805 1366 2878 δὴ,

356 2918 452 2998 ἔχοντα
475 2918 505 2983 δὲ
527 2919 660 3001 roomo
682 2944 748 2983 rrae
770 2919 881 3001 χρόνον.
916 2919 1033 2985 Cratini
1057 2922 1260 3004 fragmentum
1284 2921 1366 3007 apud

358 3034 615 3121 Hephaestionem
638 3036 673 3100 P.
699 3039 758 3115 26,
783 3036 818 3101 C.
843 3036 924 3101 VIII
952 3042 987 3115 l,
1011 3039 1153 3125 idemque
1177 3038 1259 3124 apud
1280 3039 1366 3103 sobo·

357 3128 732 3240 liastsmhristophanis,
757 3155 841 3220 Plut.
868 3158 931 3219 598

623 3275 713 3351 σιγὰν
735 3280 783 3339 νῦν
805 3271 887 3347 ἄτας
910 3274 966 3355 ἔχε
988 3275 1078 3351 arrato

358 3391 577 3476 ejusdemmodi
600 3402 663 3469 est,
688 3393 791 3477 ibique
814 3400 945 3457 metrum
968 3393 1105 3478 postulat
1126 3394 1215 3470 ταγάν
1239 3419 1295 3458 νυν.
1328 3394 1369 3458 llt

359 3510 440 3594 apud
464 3510 698 3595 Aristophanem
722 3510 834 3575 similia
857 3510 997 3597 exempla
1019 3520 1109 3589 sunt,
1133 3511 1217 3575 Plut.
1243 3516 1308 3576 414

402 3630 456 3704 Mal
478 3653 525 3694 νυν
549 3628 671 3710 διάτριβ’
694 3630 765 3694 ἀλλ’
788 3628 858 3694 ἄνυε
880 3630 1016 3711 πράττων
1038 3628 1067 3694 ἕν
1091 3630 1129 3707 γε’
1152 3655 1192 3696 τι.

361 3760 409 3829 Χρ.
434 3749 483 3814 aa}
506 3748 539 3823 dh
562 3748 683 3829 βαδίζω.
708 3760 760 3815 Bt.
783 3749 889 3814 σπεῦδέ
914 3774 970 3815 νυν.
997 3761 1046 3827 Χρ.
1072 3752 1151 3815 τοῦτ’
1174 3750 1246 3815 αὐτὸ
1269 3751 1330 3830 δρῶ.

360 3866 479 3947 Quodsi
509 3878 611 3933 tamen
641 3868 768 3934 fortasse
792 3867 962 3933 reuocanda
985 3880 1031 3933 ast
1054 3869 1206 3954 scriptura
1228 3869 1277 3933 καὶ
1302 3874 1367 3948 νῦν,

360 3988 486 4053 audebit
520 3988 632 4074 aliquis
667 3988 804 4066 credero,
840 3988 987 4074 syllabam
1022 3989 1246 4053 oireumilexam
1280 4009 1368 4073 posse

360 4108 488 4193 corripi,
513 4116 604 4193 atque
627 4107 719 4173 etiam
741 4112 802 4173 τᾶν
825 4106 875 4171 Ol.
900 4106 936 4171 Π
961 4108 1022 4172 153
1048 4129 1113 4171 esse
1136 4106 1284 4191 syllabam
1303 4105 1369 4170 bre·

361 4250 437 4291 vem.
484 4228 549 4291 Aut
579 4225 705 4290 audebit
734 4224 872 4303 eredere,
897 4225 928 4291 in
952 4226 1056 4290 metris
1080 4234 1111 4289 et
1133 4224 1274 4309 prosodia
1296 4224 1367 4288 Pin·

362 4346 427 4410 dari
451 4345 599 4429 quaedam
623 4346 766 4431 ignorari.

408 4469 460 4530 61.
495 4468 524 4537 ἐς
548 4466 662 4532 ταύταν
686 4464 792 4546 ἑορτάν.
816 4462 969 4529 Nonnulli
991 4464 1166 4531 Theoxenia
1187 4484 1206 4525 a
1227 4461 1366 4526 Therone
