<?xml version="1.0" encoding="UTF-8"?>
<!DOCTYPE html PUBLIC "-//W3C//DTD XHTML 1.0 Transitional//EN"
    "http://www.w3.org/TR/xhtml1/DTD/xhtml1-transitional.dtd">
<html xmlns="http://www.w3.org/1999/xhtml" xml:lang="en" lang="en">
 <head>
  <title>
</title>
<meta http-equiv="Content-Type" content="text/html;charset=utf-8" />
  <meta name='ocr-system' content='tesseract 3.04.00' />
  <meta name='ocr-capabilities' content='ocr_page ocr_carea ocr_par ocr_line ocrx_word'/>
</head>
<body>
  <div class='ocr_page' id='page_1' title='image "./pindaricarminao01pindgoog_0077.png"; bbox 0 0 3725 5542; ppageno 0'>
   <div class='ocr_carea' id='block_1_1' title="bbox 301 913 1337 4159">
    <p class='ocr_par' dir='ltr' id='par_1_1' title="bbox 301 913 1328 1804">
     <span class='ocr_line' id='line_1_1' title="bbox 301 913 1328 1001; baseline -0.002 -24"><span class='ocrx_word' id='word_1_1' title='bbox 301 914 469 980; x_wconf 76' lang='lat' dir='ltr'><strong>Musarum</strong></span> <span class='ocrx_word' id='word_1_2' title='bbox 493 938 622 981; x_wconf 87' lang='lat' dir='ltr'><strong>munera</strong></span> <span class='ocrx_word' id='word_1_3' title='bbox 644 916 748 979; x_wconf 88' lang='lat' dir='ltr'><strong>divina</strong></span> <span class='ocrx_word' id='word_1_4' title='bbox 764 914 923 1001; x_wconf 81' lang='lat' dir='ltr'><strong>amplexus</strong></span> <span class='ocrx_word' id='word_1_5' title='bbox 939 922 986 978; x_wconf 88' lang='lat' dir='ltr'><strong>est</strong></span> <span class='ocrx_word' id='word_1_6' title='bbox 1001 914 1224 998; x_wconf 80' lang='lat' dir='ltr'>ingeniumque</span> <span class='ocrx_word' id='word_1_7' title='bbox 1241 913 1328 976; x_wconf 81' lang='lat' dir='ltr'><strong>novit</strong></span> 
     </span>
     <span class='ocr_line' id='line_1_2' title="bbox 301 1031 1325 1118; baseline -0.003 -21"><span class='ocrx_word' id='word_1_8' title='bbox 301 1035 372 1118; x_wconf 83' lang='lat' dir='ltr'><strong>ipse</strong></span> <span class='ocrx_word' id='word_1_9' title='bbox 407 1057 507 1098; x_wconf 91' lang='lat' dir='ltr'><strong>sunm.</strong></span> <span class='ocrx_word' id='word_1_10' title='bbox 554 1032 636 1097; x_wconf 83' lang='lat' dir='ltr'><strong>Nem</strong></span> <span class='ocrx_word' id='word_1_11' title='bbox 671 1033 755 1118; x_wconf 91' lang='lat' dir='ltr'><strong>quod</strong></span> <span class='ocrx_word' id='word_1_12' title='bbox 785 1032 903 1097; x_wconf 88' lang='lat' dir='ltr'><strong>videret</strong></span> <span class='ocrx_word' id='word_1_13' title='bbox 934 1055 999 1096; x_wconf 86' lang='lat' dir='ltr'><strong>esse</strong></span> <span class='ocrx_word' id='word_1_14' title='bbox 1030 1033 1131 1117; x_wconf 85' lang='lat' dir='ltr'><strong>poesis</strong></span> <span class='ocrx_word' id='word_1_15' title='bbox 1162 1031 1325 1095; x_wconf 86' lang='lat' dir='ltr'><strong>divinitate</strong></span> 
     </span>
     <span class='ocr_line' id='line_1_3' title="bbox 305 1150 1326 1237; baseline -0.005 -22"><span class='ocrx_word' id='word_1_16' title='bbox 305 1151 457 1235; x_wconf 86' lang='lat' dir='ltr'><strong>dignum,</strong></span> <span class='ocrx_word' id='word_1_17' title='bbox 488 1150 521 1215; x_wconf 89' lang='lat' dir='ltr'><strong>id</strong></span> <span class='ocrx_word' id='word_1_18' title='bbox 551 1158 615 1215; x_wconf 87' lang='lat' dir='ltr'><strong>tam</strong></span> <span class='ocrx_word' id='word_1_19' title='bbox 646 1150 765 1215; x_wconf 90' lang='lat' dir='ltr'><strong>silendo</strong></span> <span class='ocrx_word' id='word_1_20' title='bbox 796 1151 1039 1237; x_wconf 74' lang='lat' dir='ltr'><strong>praetermittere</strong></span> <span class='ocrx_word' id='word_1_21' title='bbox 1067 1150 1208 1234; x_wconf 87' lang='lat' dir='ltr'><strong>nequivit</strong></span> <span class='ocrx_word' id='word_1_22' title='bbox 1233 1171 1326 1233; x_wconf 57' lang='lat' dir='ltr'><strong>(lucrm</strong></span> 
     </span>
     <span class='ocr_line' id='line_1_4' title="bbox 307 1267 1326 1355; baseline -0.003 -23"><span class='ocrx_word' id='word_1_23' title='bbox 307 1270 376 1355; x_wconf 89' lang='lat' dir='ltr'><strong>ipse</strong></span> <span class='ocrx_word' id='word_1_24' title='bbox 408 1292 440 1334; x_wconf 88' lang='lat' dir='ltr'><strong>se</strong></span> <span class='ocrx_word' id='word_1_25' title='bbox 463 1268 613 1334; x_wconf 87' lang='lat' dir='ltr'><strong>oblivisci.</strong></span> <span class='ocrx_word' id='word_1_26' title='bbox 659 1267 741 1333; x_wconf 88' lang='lat' dir='ltr'><strong>Nam</strong></span> <span class='ocrx_word' id='word_1_27' title='bbox 765 1268 1024 1353; x_wconf 79' lang='lat' dir='ltr'><strong>quemadmodum</strong></span> <span class='ocrx_word' id='word_1_28' title='bbox 1048 1275 1095 1332; x_wconf 89' lang='lat' dir='ltr'><strong>est</strong></span> <span class='ocrx_word' id='word_1_29' title='bbox 1117 1268 1155 1333; x_wconf 86' lang='lat' dir='ltr'><strong>ab</strong></span> <span class='ocrx_word' id='word_1_30' title='bbox 1180 1268 1326 1331; x_wconf 83' lang='lat' dir='ltr'><strong>orationis</strong></span> 
     </span>
     <span class='ocr_line' id='line_1_5' title="bbox 309 1384 1327 1468; baseline -0.005 -17"><span class='ocrx_word' id='word_1_31' title='bbox 309 1388 444 1453; x_wconf 83' lang='lat' dir='ltr'><strong>vanitate</strong></span> <span class='ocrx_word' id='word_1_32' title='bbox 468 1388 604 1466; x_wconf 86' lang='lat' dir='ltr'><strong>alienus,</strong></span> <span class='ocrx_word' id='word_1_33' title='bbox 629 1388 672 1451; x_wconf 92' lang='lat' dir='ltr'><strong>sio</strong></span> <span class='ocrx_word' id='word_1_34' title='bbox 697 1387 800 1451; x_wconf 89' lang='lat' dir='ltr'><strong>studio</strong></span> <span class='ocrx_word' id='word_1_35' title='bbox 823 1388 920 1451; x_wconf 88' lang='lat' dir='ltr'><strong>fertur</strong></span> <span class='ocrx_word' id='word_1_36' title='bbox 945 1408 1032 1450; x_wconf 88' lang='lat' dir='ltr'><strong>verae</strong></span> <span class='ocrx_word' id='word_1_37' title='bbox 1056 1384 1157 1449; x_wconf 84' lang='lat' dir='ltr'><strong>landis</strong></span> <span class='ocrx_word' id='word_1_38' title='bbox 1180 1392 1211 1448; x_wconf 93' lang='lat' dir='ltr'><strong>et</strong></span> <span class='ocrx_word' id='word_1_39' title='bbox 1226 1385 1327 1468; x_wconf 90' lang='lat' dir='ltr'><strong>poesis</strong></span> 
     </span>
     <span class='ocr_line' id='line_1_6' title="bbox 309 1501 1328 1591; baseline -0.004 -22"><span class='ocrx_word' id='word_1_40' title='bbox 309 1506 439 1590; x_wconf 81' lang='lat' dir='ltr'><strong>ingenti.</strong></span> <span class='ocrx_word' id='word_1_41' title='bbox 491 1506 530 1570; x_wconf 92' lang='lat' dir='ltr'><strong>In</strong></span> <span class='ocrx_word' id='word_1_42' title='bbox 565 1504 702 1591; x_wconf 89' lang='lat' dir='ltr'><strong>ejusdem</strong></span> <span class='ocrx_word' id='word_1_43' title='bbox 737 1505 879 1570; x_wconf 81' lang='lat' dir='ltr'><strong>carminis</strong></span> <span class='ocrx_word' id='word_1_44' title='bbox 915 1504 1084 1589; x_wconf 89' lang='lat' dir='ltr'><strong>principio,</strong></span> <span class='ocrx_word' id='word_1_45' title='bbox 1121 1501 1204 1587; x_wconf 90' lang='lat' dir='ltr'><strong>quod</strong></span> <span class='ocrx_word' id='word_1_46' title='bbox 1236 1501 1328 1566; x_wconf 90' lang='lat' dir='ltr'><strong>modo</strong></span> 
     </span>
     <span class='ocr_line' id='line_1_7' title="bbox 311 1620 1327 1709; baseline -0.004 -23"><span class='ocrx_word' id='word_1_47' title='bbox 311 1622 541 1701; x_wconf 82' lang='lat' dir='ltr'><strong>adserebamus,</strong></span> <span class='ocrx_word' id='word_1_48' title='bbox 573 1646 635 1708; x_wconf 93' lang='lat' dir='ltr'><strong>quo</strong></span> <span class='ocrx_word' id='word_1_49' title='bbox 666 1624 902 1709; x_wconf 85' lang='lat' dir='ltr'><strong>Xenophontem</strong></span> <span class='ocrx_word' id='word_1_50' title='bbox 927 1631 959 1687; x_wconf 89' lang='lat' dir='ltr'><strong>et</strong></span> <span class='ocrx_word' id='word_1_51' title='bbox 981 1620 1165 1686; x_wconf 82' lang='lat' dir='ltr'><strong>Corinthum</strong></span> <span class='ocrx_word' id='word_1_52' title='bbox 1190 1620 1327 1696; x_wconf 83' lang='lat' dir='ltr'><strong>ornavit,</strong></span> 
     </span>
     <span class='ocr_line' id='line_1_8' title="bbox 311 1739 520 1804; baseline 0.014 -3"><span class='ocrx_word' id='word_1_53' title='bbox 311 1739 387 1803; x_wconf 78' lang='lat' dir='ltr'><strong>heco</strong></span> <span class='ocrx_word' id='word_1_54' title='bbox 411 1740 520 1804; x_wconf 86' lang='lat' dir='ltr'><strong>habet:</strong></span> 
     </span>
    </p>

    <p class='ocr_par' dir='ltr' id='par_1_2' title="bbox 501 1856 1134 1938">
     <span class='ocr_line' id='line_1_9' title="bbox 501 1856 1134 1938; baseline -0.006 -15"><span class='ocrx_word' id='word_1_55' title='bbox 501 1858 562 1938; x_wconf 81' lang='grc' dir='ltr'><strong>ἔχω</strong></span> <span class='ocrx_word' id='word_1_56' title='bbox 585 1856 668 1923; x_wconf 71' lang='grc' dir='ltr'><strong>καλά</strong></span> <span class='ocrx_word' id='word_1_57' title='bbox 690 1883 724 1922; x_wconf 82' lang='grc' dir='ltr'><strong>τε</strong></span> <span class='ocrx_word' id='word_1_58' title='bbox 747 1856 881 1938; x_wconf 60' lang='lat' dir='ltr'><strong>deduce,</strong></span> <span class='ocrx_word' id='word_1_59' title='bbox 905 1857 1008 1935; x_wconf 74' lang='grc' dir='ltr'><em>τόλμα</em></span> <span class='ocrx_word' id='word_1_60' title='bbox 1030 1856 1064 1920; x_wconf 78' lang='grc' dir='ltr'><strong>τέ</strong></span> <span class='ocrx_word' id='word_1_61' title='bbox 1086 1881 1134 1935; x_wconf 79' lang='grc' dir='ltr'><strong>μοι</strong></span> 
     </span>
    </p>

    <p class='ocr_par' dir='ltr' id='par_1_3' title="bbox 501 1974 1008 2053">
     <span class='ocr_line' id='line_1_10' title="bbox 501 1974 1008 2053; baseline -0.006 -13"><span class='ocrx_word' id='word_1_62' title='bbox 501 1978 596 2040; x_wconf 69' lang='grc' dir='ltr'><em>εὐθεῖα</em></span> <span class='ocrx_word' id='word_1_63' title='bbox 619 1982 760 2052; x_wconf 70' lang='grc' dir='ltr'><strong>γλῶσσαν</strong></span> <span class='ocrx_word' id='word_1_64' title='bbox 782 1976 869 2053; x_wconf 74' lang='grc' dir='ltr'><strong><em>ὀρνύει</em></strong></span> <span class='ocrx_word' id='word_1_65' title='bbox 893 1974 1008 2049; x_wconf 77' lang='grc' dir='ltr'><strong><em>λέγειν·</em></strong></span> 
     </span>
    </p>

    <p class='ocr_par' dir='ltr' id='par_1_4' title="bbox 311 2086 1335 3587">
     <span class='ocr_line' id='line_1_11' title="bbox 502 2086 1136 2173; baseline -0.003 -16"><span class='ocrx_word' id='word_1_66' title='bbox 502 2092 626 2173; x_wconf 68' lang='grc' dir='ltr'><em>ἄμαχον</em></span> <span class='ocrx_word' id='word_1_67' title='bbox 649 2092 679 2157; x_wconf 78' lang='grc' dir='ltr'><strong>δὲ</strong></span> <span class='ocrx_word' id='word_1_68' title='bbox 702 2094 810 2173; x_wconf 70' lang='grc' dir='ltr'><em>κρύψαι</em></span> <span class='ocrx_word' id='word_1_69' title='bbox 833 2094 867 2156; x_wconf 75' lang='grc' dir='ltr'><strong>τὸ</strong></span> <span class='ocrx_word' id='word_1_70' title='bbox 891 2092 1034 2169; x_wconf 68' lang='grc' dir='ltr'><strong>συγγενὲς</strong></span> <span class='ocrx_word' id='word_1_71' title='bbox 1057 2086 1136 2163; x_wconf 63' lang='grc' dir='ltr'><em>ἦθος·</em></span> 
     </span>
     <span class='ocr_line' id='line_1_12' title="bbox 311 2208 1329 2295; baseline -0.003 -21"><span class='ocrx_word' id='word_1_72' title='bbox 311 2218 352 2274; x_wconf 78' lang='lat' dir='ltr'><strong>cat</strong></span> <span class='ocrx_word' id='word_1_73' title='bbox 381 2211 452 2273; x_wconf 74' lang='lat' dir='ltr'><strong>mibi</strong></span> <span class='ocrx_word' id='word_1_74' title='bbox 474 2211 570 2275; x_wconf 68' lang='lat' dir='ltr'><strong>AEcerc</strong></span> <span class='ocrx_word' id='word_1_75' title='bbox 586 2212 712 2293; x_wconf 73' lang='lat' dir='ltr'><strong>palera,</strong></span> <span class='ocrx_word' id='word_1_76' title='bbox 738 2211 907 2295; x_wconf 78' lang='lat' dir='ltr'><strong>animusque</strong></span> <span class='ocrx_word' id='word_1_77' title='bbox 923 2216 1080 2291; x_wconf 76' lang='lat' dir='ltr'><strong>promptae</strong></span> <span class='ocrx_word' id='word_1_78' title='bbox 1103 2211 1232 2289; x_wconf 68' lang='lat' dir='ltr'><strong>linquam</strong></span> <span class='ocrx_word' id='word_1_79' title='bbox 1254 2208 1329 2271; x_wconf 66' lang='lat' dir='ltr'><strong>catri-</strong></span> 
     </span>
     <span class='ocr_line' id='line_1_13' title="bbox 313 2325 1330 2410; baseline -0.003 -19"><span class='ocrx_word' id='word_1_80' title='bbox 313 2336 355 2391; x_wconf 80' lang='lat' dir='ltr'><strong>tot</strong></span> <span class='ocrx_word' id='word_1_81' title='bbox 386 2330 429 2391; x_wconf 83' lang='lat' dir='ltr'><strong>ad</strong></span> <span class='ocrx_word' id='word_1_82' title='bbox 455 2329 623 2392; x_wconf 78' lang='lat' dir='ltr'><strong>dicendum:</strong></span> <span class='ocrx_word' id='word_1_83' title='bbox 650 2351 701 2393; x_wconf 81' lang='lat' dir='ltr'><strong>nec</strong></span> <span class='ocrx_word' id='word_1_84' title='bbox 716 2334 815 2410; x_wconf 78' lang='lat' dir='ltr'><strong>potest</strong></span> <span class='ocrx_word' id='word_1_85' title='bbox 838 2329 929 2410; x_wconf 68' lang='lat' dir='ltr'><strong>obtepi</strong></span> <span class='ocrx_word' id='word_1_86' title='bbox 951 2350 1012 2391; x_wconf 75' lang='lat' dir='ltr'><strong>neos</strong></span> <span class='ocrx_word' id='word_1_87' title='bbox 1033 2327 1150 2390; x_wconf 77' lang='lat' dir='ltr'><strong>incitus.</strong></span> <span class='ocrx_word' id='word_1_88' title='bbox 1168 2328 1189 2410; x_wconf 80' lang='lat'><strong>¹)</strong></span> <span class='ocrx_word' id='word_1_89' title='bbox 1237 2325 1330 2389; x_wconf 88' lang='lat' dir='ltr'><strong>Hunc</strong></span> 
     </span>
     <span class='ocr_line' id='line_1_14' title="bbox 316 2445 1331 2529; baseline -0.001 -22"><span class='ocrx_word' id='word_1_90' title='bbox 316 2467 427 2509; x_wconf 90' lang='lat' dir='ltr'><strong>morem</strong></span> <span class='ocrx_word' id='word_1_91' title='bbox 450 2454 563 2509; x_wconf 89' lang='lat' dir='ltr'><strong>natura</strong></span> <span class='ocrx_word' id='word_1_92' title='bbox 585 2446 712 2509; x_wconf 88' lang='lat' dir='ltr'><strong>insitum</strong></span> <span class='ocrx_word' id='word_1_93' title='bbox 738 2445 797 2509; x_wconf 92' lang='lat' dir='ltr'><strong>sibi</strong></span> <span class='ocrx_word' id='word_1_94' title='bbox 820 2445 989 2522; x_wconf 80' lang='lat' dir='ltr'><strong>intellexit,</strong></span> <span class='ocrx_word' id='word_1_95' title='bbox 1014 2445 1228 2529; x_wconf 84' lang='lat' dir='ltr'><strong>praestititque</strong></span> <span class='ocrx_word' id='word_1_96' title='bbox 1248 2466 1331 2527; x_wconf 86' lang='lat' dir='ltr'><strong>prae·</strong></span> 
     </span>
     <span class='ocr_line' id='line_1_15' title="bbox 317 2560 1329 2647; baseline -0.002 -22"><span class='ocrx_word' id='word_1_97' title='bbox 317 2564 408 2626; x_wconf 88' lang='lat' dir='ltr'><strong>stanti</strong></span> <span class='ocrx_word' id='word_1_98' title='bbox 438 2564 468 2626; x_wconf 88' lang='lat' dir='ltr'><strong>vi</strong></span> <span class='ocrx_word' id='word_1_99' title='bbox 500 2563 615 2647; x_wconf 90' lang='lat' dir='ltr'><strong>poesis:</strong></span> <span class='ocrx_word' id='word_1_100' title='bbox 650 2572 680 2627; x_wconf 91' lang='lat' dir='ltr'><strong>et</strong></span> <span class='ocrx_word' id='word_1_101' title='bbox 711 2562 817 2627; x_wconf 89' lang='lat' dir='ltr'><strong>retulit</strong></span> <span class='ocrx_word' id='word_1_102' title='bbox 841 2563 871 2627; x_wconf 92' lang='lat' dir='ltr'><strong>id</strong></span> <span class='ocrx_word' id='word_1_103' title='bbox 896 2562 1013 2627; x_wconf 90' lang='lat' dir='ltr'><strong>donum</strong></span> <span class='ocrx_word' id='word_1_104' title='bbox 1035 2584 1152 2647; x_wconf 88' lang='lat' dir='ltr'><strong>semper</strong></span> <span class='ocrx_word' id='word_1_105' title='bbox 1175 2562 1214 2624; x_wconf 90' lang='lat' dir='ltr'><strong>ad</strong></span> <span class='ocrx_word' id='word_1_106' title='bbox 1237 2560 1329 2624; x_wconf 85' lang='lat' dir='ltr'><strong>Deos.</strong></span> 
     </span>
     <span class='ocr_line' id='line_1_16' title="bbox 319 2678 1332 2765; baseline 0.003 -26"><span class='ocrx_word' id='word_1_107' title='bbox 319 2678 493 2744; x_wconf 79' lang='lat' dir='ltr'><strong>Victoribus</strong></span> <span class='ocrx_word' id='word_1_108' title='bbox 525 2681 659 2745; x_wconf 81' lang='lat' dir='ltr'><strong>carmina</strong></span> <span class='ocrx_word' id='word_1_109' title='bbox 686 2681 761 2745; x_wconf 90' lang='lat' dir='ltr'><strong>dicit</strong></span> <span class='ocrx_word' id='word_1_110' title='bbox 785 2702 850 2745; x_wconf 86' lang='lat' dir='ltr'><strong>esse</strong></span> <span class='ocrx_word' id='word_1_111' title='bbox 874 2683 929 2765; x_wconf 81' lang='lat' dir='ltr'><strong>pr&#39;o</strong></span> <span class='ocrx_word' id='word_1_112' title='bbox 952 2702 1073 2744; x_wconf 89' lang='lat' dir='ltr'><strong>summo</strong></span> <span class='ocrx_word' id='word_1_113' title='bbox 1097 2680 1247 2765; x_wconf 85' lang='lat' dir='ltr'><strong>praemio:</strong></span> <span class='ocrx_word' id='word_1_114' title='bbox 1272 2702 1332 2758; x_wconf 88' lang='lat' dir='ltr'><strong>„eu</strong></span> 
     </span>
     <span class='ocr_line' id='line_1_17' title="bbox 318 2797 1332 2883; baseline 0 -23"><span class='ocrx_word' id='word_1_115' title='bbox 318 2806 415 2861; x_wconf 83' lang='lat' dir='ltr'><strong>autern</strong></span> <span class='ocrx_word' id='word_1_116' title='bbox 451 2804 556 2861; x_wconf 83' lang='lat' dir='ltr'><strong>nostre</strong></span> <span class='ocrx_word' id='word_1_117' title='bbox 589 2798 697 2881; x_wconf 81' lang='lat' dir='ltr'><strong>lingua</strong></span> <span class='ocrx_word' id='word_1_118' title='bbox 728 2797 878 2862; x_wconf 89' lang='lat' dir='ltr'><strong>moderari</strong></span> <span class='ocrx_word' id='word_1_119' title='bbox 910 2799 1013 2883; x_wconf 89' lang='lat' dir='ltr'><strong>cupit:</strong></span> <span class='ocrx_word' id='word_1_120' title='bbox 1046 2820 1083 2861; x_wconf 82' lang='lat' dir='ltr'><strong>ex</strong></span> <span class='ocrx_word' id='word_1_121' title='bbox 1115 2797 1182 2862; x_wconf 90' lang='lat' dir='ltr'><strong>Deo</strong></span> <span class='ocrx_word' id='word_1_122' title='bbox 1213 2820 1332 2882; x_wconf 85' lang='lat' dir='ltr'><strong>semper</strong></span> 
     </span>
     <span class='ocr_line' id='line_1_18' title="bbox 318 2912 1332 2999; baseline -0.001 -22"><span class='ocrx_word' id='word_1_123' title='bbox 318 2912 425 2997; x_wconf 81' lang='lat' dir='ltr'><strong>aliquis</strong></span> <span class='ocrx_word' id='word_1_124' title='bbox 457 2914 594 2999; x_wconf 84' lang='lat' dir='ltr'><strong>sapiente</strong></span> <span class='ocrx_word' id='word_1_125' title='bbox 618 2922 719 2979; x_wconf 91' lang='lat' dir='ltr'><strong>mente</strong></span> <span class='ocrx_word' id='word_1_126' title='bbox 742 2915 899 2999; x_wconf 71' lang='lat' dir='ltr'><strong>floret.&#39;&#39;²)</strong></span> <span class='ocrx_word' id='word_1_127' title='bbox 945 2913 1012 2978; x_wconf 91' lang='lat' dir='ltr'><strong>Nec</strong></span> <span class='ocrx_word' id='word_1_128' title='bbox 1035 2915 1101 2979; x_wconf 89' lang='lat' dir='ltr'><strong>sine</strong></span> <span class='ocrx_word' id='word_1_129' title='bbox 1124 2915 1191 2978; x_wconf 92' lang='lat' dir='ltr'><strong>Deo</strong></span> <span class='ocrx_word' id='word_1_130' title='bbox 1215 2914 1332 2977; x_wconf 79' lang='lat' dir='ltr'><strong>divino</strong></span> 
     </span>
     <span class='ocr_line' id='line_1_19' title="bbox 319 3032 1331 3118; baseline -0.001 -22"><span class='ocrx_word' id='word_1_131' title='bbox 319 3053 374 3115; x_wconf 90' lang='lat' dir='ltr'><strong>qne</strong></span> <span class='ocrx_word' id='word_1_132' title='bbox 390 3032 503 3118; x_wconf 88' lang='lat' dir='ltr'><strong>spiritu</strong></span> <span class='ocrx_word' id='word_1_133' title='bbox 520 3038 641 3117; x_wconf 83' lang='lat' dir='ltr'><strong>poetam</strong></span> <span class='ocrx_word' id='word_1_134' title='bbox 662 3032 761 3097; x_wconf 87' lang='lat' dir='ltr'><strong>valere</strong></span> <span class='ocrx_word' id='word_1_135' title='bbox 777 3034 940 3097; x_wconf 86' lang='lat' dir='ltr'><strong>existimat.</strong></span> <span class='ocrx_word' id='word_1_136' title='bbox 975 3032 1162 3117; x_wconf 79' lang='lat' dir='ltr'><strong>„Quidquid</strong></span> <span class='ocrx_word' id='word_1_137' title='bbox 1168 3032 1197 3111; x_wconf 87' lang='lat'><strong>,”</strong></span> <span class='ocrx_word' id='word_1_138' title='bbox 1213 3032 1331 3116; x_wconf 88' lang='lat' dir='ltr'><strong>iuquit,</strong></span> 
     </span>
     <span class='ocr_line' id='line_1_20' title="bbox 319 3148 1335 3226; baseline -0.001 -13"><span class='ocrx_word' id='word_1_139' title='bbox 319 3148 448 3225; x_wconf 77' lang='lat' dir='ltr'><strong>„uaturd</strong></span> <span class='ocrx_word' id='word_1_140' title='bbox 480 3156 543 3226; x_wconf 90' lang='lat' dir='ltr'><strong>est,</strong></span> <span class='ocrx_word' id='word_1_141' title='bbox 575 3149 775 3214; x_wconf 86' lang='lat' dir='ltr'><strong>fortissimum</strong></span> <span class='ocrx_word' id='word_1_142' title='bbox 807 3158 870 3215; x_wconf 88' lang='lat' dir='ltr'><strong>est:</strong></span> <span class='ocrx_word' id='word_1_143' title='bbox 903 3151 994 3214; x_wconf 89' lang='lat' dir='ltr'><strong>multi</strong></span> <span class='ocrx_word' id='word_1_144' title='bbox 1026 3150 1187 3215; x_wconf 90' lang='lat' dir='ltr'><strong>hominum</strong></span> <span class='ocrx_word' id='word_1_145' title='bbox 1217 3148 1335 3213; x_wconf 78' lang='lat' dir='ltr'><strong>adscitd</strong></span> 
     </span>
     <span class='ocr_line' id='line_1_21' title="bbox 323 3265 1335 3353; baseline 0.002 -24"><span class='ocrx_word' id='word_1_146' title='bbox 323 3265 464 3331; x_wconf 83' lang='lat' dir='ltr'><strong>discendo</strong></span> <span class='ocrx_word' id='word_1_147' title='bbox 496 3268 683 3351; x_wconf 79' lang='lat' dir='ltr'><strong>praestantid</strong></span> <span class='ocrx_word' id='word_1_148' title='bbox 713 3267 841 3352; x_wconf 84' lang='lat' dir='ltr'><strong>glorium</strong></span> <span class='ocrx_word' id='word_1_149' title='bbox 873 3291 1016 3353; x_wconf 88' lang='lat' dir='ltr'><strong>quaerere</strong></span> <span class='ocrx_word' id='word_1_150' title='bbox 1048 3270 1252 3347; x_wconf 87' lang='lat' dir='ltr'><strong>studuerunt,</strong></span> <span class='ocrx_word' id='word_1_151' title='bbox 1281 3268 1335 3332; x_wconf 88' lang='lat' dir='ltr'><strong>sed</strong></span> 
     </span>
     <span class='ocr_line' id='line_1_22' title="bbox 322 3383 1334 3472; baseline 0.002 -25"><span class='ocrx_word' id='word_1_152' title='bbox 322 3384 377 3448; x_wconf 83' lang='lat' dir='ltr'><strong>nisi</strong></span> <span class='ocrx_word' id='word_1_153' title='bbox 408 3384 495 3449; x_wconf 88' lang='lat' dir='ltr'><strong>Dens</strong></span> <span class='ocrx_word' id='word_1_154' title='bbox 524 3383 627 3462; x_wconf 88' lang='lat' dir='ltr'><strong>adest,</strong></span> <span class='ocrx_word' id='word_1_155' title='bbox 657 3386 745 3449; x_wconf 88' lang='lat' dir='ltr'><strong>silere</strong></span> <span class='ocrx_word' id='word_1_156' title='bbox 777 3387 808 3450; x_wconf 93' lang='lat' dir='ltr'><strong>iu</strong></span> <span class='ocrx_word' id='word_1_157' title='bbox 840 3386 992 3471; x_wconf 90' lang='lat' dir='ltr'><strong>ejusmodi</strong></span> <span class='ocrx_word' id='word_1_158' title='bbox 1020 3410 1052 3451; x_wconf 90' lang='lat' dir='ltr'><strong>re</strong></span> <span class='ocrx_word' id='word_1_159' title='bbox 1084 3394 1218 3472; x_wconf 82' lang='lat' dir='ltr'><strong>praestat</strong></span> <span class='ocrx_word' id='word_1_160' title='bbox 1241 3408 1334 3470; x_wconf 89' lang='lat' dir='ltr'><strong>quam</strong></span> 
     </span>
     <span class='ocr_line' id='line_1_23' title="bbox 322 3500 789 3587; baseline 0.004 -22"><span class='ocrx_word' id='word_1_161' title='bbox 322 3500 472 3587; x_wconf 85' lang='lat' dir='ltr'><strong>gloriari.&#39;&#39;</strong></span> <span class='ocrx_word' id='word_1_162' title='bbox 485 3502 511 3587; x_wconf 73' lang='grc'><strong>3)</strong></span> <span class='ocrx_word' id='word_1_163' title='bbox 557 3502 599 3567; x_wconf 78' lang='lat' dir='ltr'><strong>Et</strong></span> <span class='ocrx_word' id='word_1_164' title='bbox 622 3502 681 3567; x_wconf 91' lang='lat' dir='ltr'><strong>alio</strong></span> <span class='ocrx_word' id='word_1_165' title='bbox 704 3502 789 3568; x_wconf 93' lang='lat' dir='ltr'><strong>loco:</strong></span> 
     </span>
    </p>

    <p class='ocr_par' dir='ltr' id='par_1_5' title="bbox 323 3622 1337 4061">
     <span class='ocr_line' id='line_1_24' title="bbox 703 3622 923 3701; baseline 0 -14"><span class='ocrx_word' id='word_1_166' title='bbox 703 3622 793 3701; x_wconf 80' lang='grc' dir='ltr'><strong><em>σοφὸς</em></strong></span> <span class='ocrx_word' id='word_1_167' title='bbox 816 3624 830 3686; x_wconf 84' lang='lat'><strong>0⁰</strong></span> <span class='ocrx_word' id='word_1_168' title='bbox 853 3638 923 3687; x_wconf 72' lang='grc' dir='ltr'><strong>πολ-</strong></span> 
     </span>
     <span class='ocr_line' id='line_1_25' title="bbox 702 3740 949 3825; baseline 0.008 -22"><span class='ocrx_word' id='word_1_169' title='bbox 702 3740 745 3803; x_wconf 72' lang='grc' dir='ltr'><strong>λὰ</strong></span> <span class='ocrx_word' id='word_1_170' title='bbox 768 3740 844 3811; x_wconf 80' lang='grc' dir='ltr'>εἰδὼς</span> <span class='ocrx_word' id='word_1_171' title='bbox 866 3748 949 3825; x_wconf 77' lang='grc' dir='ltr'><strong><em>φυᾷ·</em></strong></span> 
     </span>
     <span class='ocr_line' id='line_1_26' title="bbox 323 3856 966 3942; baseline 0.014 -29"><span class='ocrx_word' id='word_1_172' title='bbox 323 3856 435 3936; x_wconf 75' lang='lat' dir='ltr'><strong>sapiens</strong></span> <span class='ocrx_word' id='word_1_173' title='bbox 458 3860 518 3933; x_wconf 80' lang='lat' dir='ltr'><strong>eet,</strong></span> <span class='ocrx_word' id='word_1_174' title='bbox 544 3857 595 3941; x_wconf 78' lang='lat' dir='ltr'><strong>qai</strong></span> <span class='ocrx_word' id='word_1_175' title='bbox 617 3858 710 3921; x_wconf 68' lang='lat' dir='ltr'><strong>mauu</strong></span> <span class='ocrx_word' id='word_1_176' title='bbox 732 3860 787 3922; x_wconf 79' lang='lat' dir='ltr'><strong>ecit</strong></span> <span class='ocrx_word' id='word_1_177' title='bbox 809 3860 927 3923; x_wconf 63' lang='lat' dir='ltr'><strong>natarat.</strong></span> <span class='ocrx_word' id='word_1_178' title='bbox 942 3861 966 3942; x_wconf 74' lang='grc'><strong>4)</strong></span> 
     </span>
     <span class='ocr_line' id='line_1_27' title="bbox 365 3970 1337 4061; baseline 0.003 -27"><span class='ocrx_word' id='word_1_179' title='bbox 365 3970 510 4035; x_wconf 84' lang='lat' dir='ltr'><strong>Divinam</strong></span> <span class='ocrx_word' id='word_1_180' title='bbox 531 3995 600 4037; x_wconf 85' lang='lat' dir='ltr'><strong>vero</strong></span> <span class='ocrx_word' id='word_1_181' title='bbox 623 3976 757 4039; x_wconf 87' lang='lat' dir='ltr'><strong>musicae</strong></span> <span class='ocrx_word' id='word_1_182' title='bbox 776 3976 960 4040; x_wconf 87' lang='lat' dir='ltr'><strong>suavitatem</strong></span> <span class='ocrx_word' id='word_1_183' title='bbox 979 3977 1141 4061; x_wconf 80' lang='lat' dir='ltr'><strong>expressit:</strong></span> <span class='ocrx_word' id='word_1_184' title='bbox 1162 3974 1258 4054; x_wconf 85' lang='lat' dir='ltr'><strong>„Non</strong></span> <span class='ocrx_word' id='word_1_185' title='bbox 1277 3975 1337 4060; x_wconf 89' lang='lat' dir='ltr'><strong>ipsi</strong></span> 
     </span>
    </p>

    <p class='ocr_par' dir='ltr' id='par_1_6' title="bbox 324 4087 1335 4159">
     <span class='ocr_line' id='line_1_28' title="bbox 324 4087 1335 4159; baseline 0.004 -8"><span class='ocrx_word' id='word_1_186' title='bbox 324 4087 373 4152; x_wconf 88' lang='lat' dir='ltr'><strong>Dii</strong></span> <span class='ocrx_word' id='word_1_187' title='bbox 396 4091 462 4154; x_wconf 89' lang='lat' dir='ltr'><strong>sine</strong></span> <span class='ocrx_word' id='word_1_188' title='bbox 485 4092 664 4157; x_wconf 83' lang='lat' dir='ltr'><strong>venerandis</strong></span> <span class='ocrx_word' id='word_1_189' title='bbox 689 4093 804 4157; x_wconf 82' lang='lat' dir='ltr'><strong>Gratiis</strong></span> <span class='ocrx_word' id='word_1_190' title='bbox 827 4094 945 4159; x_wconf 89' lang='lat' dir='ltr'><strong>obeunt</strong></span> <span class='ocrx_word' id='word_1_191' title='bbox 968 4094 1077 4157; x_wconf 90' lang='lat' dir='ltr'><strong>choros</strong></span> <span class='ocrx_word' id='word_1_192' title='bbox 1099 4116 1156 4159; x_wconf 92' lang='lat' dir='ltr'><strong>nec</strong></span> <span class='ocrx_word' id='word_1_193' title='bbox 1179 4093 1335 4157; x_wconf 81' lang='lat' dir='ltr'><strong>convivia:</strong></span> 
     </span>
    </p>
   </div>
   <div class='ocr_carea' id='block_1_2' title="bbox 326 4205 1336 4296">
    <p class='ocr_par' dir='ltr' id='par_1_7' title="bbox 326 4205 1336 4296">
     <span class='ocr_line' id='line_1_29' title="bbox 326 4205 1336 4296; baseline 0.005 -29"><span class='ocrx_word' id='word_1_194' title='bbox 326 4205 375 4269; x_wconf 86' lang='lat' dir='ltr'><strong>sed</strong></span> <span class='ocrx_word' id='word_1_195' title='bbox 404 4208 493 4286; x_wconf 89' lang='lat' dir='ltr'><strong>illae,</strong></span> <span class='ocrx_word' id='word_1_196' title='bbox 523 4208 715 4275; x_wconf 85' lang='lat' dir='ltr'><strong>moderantes</strong></span> <span class='ocrx_word' id='word_1_197' title='bbox 746 4212 779 4275; x_wconf 91' lang='lat' dir='ltr'><strong>in</strong></span> <span class='ocrx_word' id='word_1_198' title='bbox 810 4210 943 4296; x_wconf 88' lang='lat' dir='ltr'><strong>Olympo</strong></span> <span class='ocrx_word' id='word_1_199' title='bbox 975 4212 1094 4289; x_wconf 85' lang='lat' dir='ltr'><strong>omnia,</strong></span> <span class='ocrx_word' id='word_1_200' title='bbox 1119 4211 1226 4296; x_wconf 85' lang='lat' dir='ltr'><strong>positis</strong></span> <span class='ocrx_word' id='word_1_201' title='bbox 1247 4212 1336 4294; x_wconf 82' lang='lat' dir='ltr'><strong>juxta</strong></span> 
     </span>
    </p>
   </div>
   <div class='ocr_carea' id='block_1_3' title="bbox 357 4447 1337 4621">
    <p class='ocr_par' dir='ltr' id='par_1_8' title="bbox 357 4447 1337 4621">
     <span class='ocr_line' id='line_1_30' title="bbox 357 4447 1337 4531; baseline 0.005 -19"><span class='ocrx_word' id='word_1_202' title='bbox 357 4464 380 4525; x_wconf 84' lang='lat'><strong>1)</strong></span> <span class='ocrx_word' id='word_1_203' title='bbox 398 4464 435 4515; x_wconf 76' lang='lat' dir='ltr'><strong>or.</strong></span> <span class='ocrx_word' id='word_1_204' title='bbox 452 4466 527 4515; x_wconf 65' lang='grc' dir='ltr'><em>χιιι.</em></span> <span class='ocrx_word' id='word_1_205' title='bbox 546 4466 584 4516; x_wconf 81' lang='lat'><strong>14.</strong></span> <span class='ocrx_word' id='word_1_206' title='bbox 637 4468 662 4529; x_wconf 82' lang='lat' dir='ltr'><strong>a)</strong></span> <span class='ocrx_word' id='word_1_207' title='bbox 683 4469 719 4519; x_wconf 87' lang='grc' dir='ltr'><strong>οι.</strong></span> <span class='ocrx_word' id='word_1_208' title='bbox 738 4470 783 4519; x_wconf 77' lang='lat' dir='ltr'><strong>rr.</strong></span> <span class='ocrx_word' id='word_1_209' title='bbox 801 4470 824 4521; x_wconf 84' lang='lat' dir='ltr'><strong>a.</strong></span> <span class='ocrx_word' id='word_1_210' title='bbox 876 4469 899 4531; x_wconf 85' lang='lat' dir='ltr'><strong>a)</strong></span> <span class='ocrx_word' id='word_1_211' title='bbox 919 4470 956 4519; x_wconf 79' lang='lat' dir='ltr'><strong>oz.</strong></span> <span class='ocrx_word' id='word_1_212' title='bbox 973 4447 1018 4519; x_wconf 76' lang='lat' dir='ltr'><strong>ir.</strong></span> <span class='ocrx_word' id='word_1_213' title='bbox 1032 4469 1088 4518; x_wconf 79' lang='lat'>1⁵2.</span> <span class='ocrx_word' id='word_1_214' title='bbox 1137 4471 1163 4529; x_wconf 75' lang='lat' dir='ltr'><strong>c)</strong></span> <span class='ocrx_word' id='word_1_215' title='bbox 1178 4468 1215 4517; x_wconf 84' lang='grc' dir='ltr'><strong>οι.</strong></span> <span class='ocrx_word' id='word_1_216' title='bbox 1228 4466 1337 4517; x_wconf 69' lang='lat' dir='ltr'><strong>ruite.</strong></span> 
     </span>
     <span class='ocr_line' id='line_1_31' title="bbox 1197 4569 1212 4621; baseline 0 0"><span class='ocrx_word' id='word_1_217' title='bbox 1197 4569 1212 4621; x_wconf 81' lang='lat' dir='ltr'><strong>c</strong></span> 
     </span>
    </p>
   </div>
   <div class='ocr_carea' id='block_1_4' title="bbox 0 0 1893 5542">
    <p class='ocr_par' dir='ltr' id='par_1_9' title="bbox 0 0 1893 5542">
     <span class='ocr_line' id='line_1_32' title="bbox 0 0 1893 5542; baseline 0 0"><span class='ocrx_word' id='word_1_218' title='bbox 0 0 1893 5542; x_wconf 95' lang='lat' dir='ltr'><strong> </strong></span> 
     </span>
    </p>
   </div>
  </div>
 </body>
</html>
