<?xml version="1.0" encoding="UTF-8"?>
<!DOCTYPE html PUBLIC "-//W3C//DTD XHTML 1.0 Transitional//EN"
    "http://www.w3.org/TR/xhtml1/DTD/xhtml1-transitional.dtd">
<html xmlns="http://www.w3.org/1999/xhtml" xml:lang="en" lang="en">
 <head>
  <title>
</title>
<meta http-equiv="Content-Type" content="text/html;charset=utf-8" />
  <meta name='ocr-system' content='tesseract 3.04.00' />
  <meta name='ocr-capabilities' content='ocr_page ocr_carea ocr_par ocr_line ocrx_word'/>
</head>
<body>
  <div class='ocr_page' id='page_1' title='image "./pindaricarminao01pindgoog_0491.png"; bbox 0 0 3725 5542; ppageno 0'>
   <div class='ocr_carea' id='block_1_1' title="bbox 824 756 886 817">
    <p class='ocr_par' dir='ltr' id='par_1_1' title="bbox 824 756 886 817">
     <span class='ocr_line' id='line_1_1' title="bbox 824 756 886 817; baseline 0 0"><span class='ocrx_word' id='word_1_1' title='bbox 824 756 886 817; x_wconf 69' lang='lat'><strong>477</strong></span> 
     </span>
    </p>
   </div>
   <div class='ocr_carea' id='block_1_2' title="bbox 345 949 1436 4334">
    <p class='ocr_par' dir='ltr' id='par_1_2' title="bbox 348 949 1368 2919">
     <span class='ocr_line' id='line_1_2' title="bbox 348 949 1360 1030; baseline -0.006 -9"><span class='ocrx_word' id='word_1_2' title='bbox 348 958 474 1022; x_wconf 85' lang='lat' dir='ltr'><strong>refluere</strong></span> <span class='ocrx_word' id='word_1_3' title='bbox 497 964 529 1022; x_wconf 89' lang='lat' dir='ltr'><strong>et</strong></span> <span class='ocrx_word' id='word_1_4' title='bbox 547 957 652 1021; x_wconf 87' lang='lat' dir='ltr'><strong>relabi.</strong></span> <span class='ocrx_word' id='word_1_5' title='bbox 687 956 832 1021; x_wconf 74' lang='lat' dir='ltr'><strong>Flumina</strong></span> <span class='ocrx_word' id='word_1_6' title='bbox 851 952 1032 1030; x_wconf 88' lang='lat' dir='ltr'><strong>subsidunt,</strong></span> <span class='ocrx_word' id='word_1_7' title='bbox 1049 949 1230 1016; x_wconf 87' lang='lat' dir='ltr'><strong>deoreseunt</strong></span> <span class='ocrx_word' id='word_1_8' title='bbox 1246 952 1360 1030; x_wconf 86' lang='lat' dir='ltr'><strong>nudae,</strong></span> 
     </span>
     <span class='ocr_line' id='line_1_3' title="bbox 349 1073 731 1140; baseline -0.003 -2"><span class='ocrx_word' id='word_1_9' title='bbox 349 1073 440 1140; x_wconf 88' lang='lat' dir='ltr'><strong>Ovid.</strong></span> <span class='ocrx_word' id='word_1_10' title='bbox 465 1075 592 1140; x_wconf 84' lang='lat' dir='ltr'><strong>Metam.</strong></span> <span class='ocrx_word' id='word_1_11' title='bbox 617 1075 731 1139; x_wconf 74' lang='lat'><strong>1344.</strong></span> 
     </span>
     <span class='ocr_line' id='line_1_4' title="bbox 396 1188 1364 1277; baseline -0.007 -19"><span class='ocrx_word' id='word_1_12' title='bbox 396 1196 447 1258; x_wconf 84' lang='grc'><strong>76.</strong></span> <span class='ocrx_word' id='word_1_13' title='bbox 482 1194 635 1272; x_wconf 73' lang='grc' dir='ltr'><strong><em>μέλαιναν.</em></strong></span> <span class='ocrx_word' id='word_1_14' title='bbox 671 1192 801 1277; x_wconf 79' lang='lat' dir='ltr'>Propter</span> <span class='ocrx_word' id='word_1_15' title='bbox 824 1190 922 1256; x_wconf 89' lang='lat' dir='ltr'><strong>nubes</strong></span> <span class='ocrx_word' id='word_1_16' title='bbox 945 1198 1026 1254; x_wconf 86' lang='lat' dir='ltr'><strong>atras</strong></span> <span class='ocrx_word' id='word_1_17' title='bbox 1051 1189 1252 1254; x_wconf 76' lang='lat' dir='ltr'><strong>tenebrosam.</strong></span> <span class='ocrx_word' id='word_1_18' title='bbox 1299 1188 1364 1253; x_wconf 88' lang='lat' dir='ltr'><strong>Ho-</strong></span> 
     </span>
     <span class='ocr_line' id='line_1_5' title="bbox 349 1311 743 1376; baseline 0.003 -2"><span class='ocrx_word' id='word_1_19' title='bbox 349 1332 451 1374; x_wconf 83' lang='lat' dir='ltr'>merus</span> <span class='ocrx_word' id='word_1_20' title='bbox 474 1311 512 1376; x_wconf 89' lang='grc' dir='ltr'><strong>ΙΙ.</strong></span> <span class='ocrx_word' id='word_1_21' title='bbox 537 1311 616 1375; x_wconf 84' lang='lat' dir='ltr'><strong>XVI</strong></span> <span class='ocrx_word' id='word_1_22' title='bbox 640 1314 705 1375; x_wconf 75' lang='lat'><strong>384</strong></span> <span class='ocrx_word' id='word_1_23' title='bbox 733 1335 743 1343; x_wconf 90' lang='lat'><strong>·</strong></span> 
     </span>
     <span class='ocr_line' id='line_1_6' title="bbox 438 1424 1245 1505; baseline -0.009 -10"><span class='ocrx_word' id='word_1_24' title='bbox 438 1432 475 1501; x_wconf 77' lang='grc' dir='ltr'><strong>ὥς</strong></span> <span class='ocrx_word' id='word_1_25' title='bbox 498 1429 523 1493; x_wconf 74' lang='grc' dir='ltr'><strong>δ’</strong></span> <span class='ocrx_word' id='word_1_26' title='bbox 546 1429 601 1494; x_wconf 71' lang='grc' dir='ltr'><strong>ὑπὸ</strong></span> <span class='ocrx_word' id='word_1_27' title='bbox 624 1430 752 1494; x_wconf 73' lang='grc' dir='ltr'><strong><em>λαίλατι</em></strong></span> <span class='ocrx_word' id='word_1_28' title='bbox 775 1431 863 1493; x_wconf 74' lang='lat' dir='ltr'><strong>arira</strong></span> <span class='ocrx_word' id='word_1_29' title='bbox 886 1426 1005 1499; x_wconf 73' lang='grc' dir='ltr'><strong><em>κελαινὴ</em></strong></span> <span class='ocrx_word' id='word_1_30' title='bbox 1027 1424 1145 1503; x_wconf 74' lang='grc' dir='ltr'><strong><em>βέβριθε</em></strong></span> <span class='ocrx_word' id='word_1_31' title='bbox 1167 1426 1245 1505; x_wconf 69' lang='grc' dir='ltr'><strong>χθὼν</strong></span> 
     </span>
     <span class='ocr_line' id='line_1_7' title="bbox 440 1540 1266 1629; baseline -0.006 -19"><span class='ocrx_word' id='word_1_32' title='bbox 440 1546 533 1622; x_wconf 74' lang='grc' dir='ltr'><strong><em>ἤματ’</em></strong></span> <span class='ocrx_word' id='word_1_33' title='bbox 555 1549 694 1629; x_wconf 74' lang='grc' dir='ltr'><strong><em>ὃπωρονῷ,</em></strong></span> <span class='ocrx_word' id='word_1_34' title='bbox 719 1546 768 1612; x_wconf 73' lang='grc' dir='ltr'><strong>ὅτε</strong></span> <span class='ocrx_word' id='word_1_35' title='bbox 789 1546 977 1626; x_wconf 72' lang='grc' dir='ltr'><strong><em>λαβρότατον</em></strong></span> <span class='ocrx_word' id='word_1_36' title='bbox 1000 1544 1064 1623; x_wconf 76' lang='grc' dir='ltr'><strong>χέεν</strong></span> <span class='ocrx_word' id='word_1_37' title='bbox 1090 1540 1159 1621; x_wconf 75' lang='grc' dir='ltr'><strong>ὕδωρ</strong></span> <span class='ocrx_word' id='word_1_38' title='bbox 1184 1543 1266 1614; x_wconf 81' lang='grc' dir='ltr'>Ζεύς.</span> 
     </span>
     <span class='ocr_line' id='line_1_8' title="bbox 350 1660 782 1743; baseline 0.007 -19"><span class='ocrx_word' id='word_1_39' title='bbox 350 1660 500 1743; x_wconf 86' lang='lat' dir='ltr'><strong>Ovidius,</strong></span> <span class='ocrx_word' id='word_1_40' title='bbox 525 1664 651 1728; x_wconf 86' lang='lat' dir='ltr'><strong>Metam.</strong></span> <span class='ocrx_word' id='word_1_41' title='bbox 675 1664 693 1728; x_wconf 96' lang='lat' dir='ltr'>I</span> <span class='ocrx_word' id='word_1_42' title='bbox 717 1667 782 1727; x_wconf 80' lang='lat'><strong>264</strong></span> 
     </span>
     <span class='ocr_line' id='line_1_9' title="bbox 625 1777 1091 1845; baseline -0.006 -1"><span class='ocrx_word' id='word_1_43' title='bbox 625 1780 758 1845; x_wconf 80' lang='lat' dir='ltr'><strong>madidis</strong></span> <span class='ocrx_word' id='word_1_44' title='bbox 781 1778 884 1843; x_wconf 87' lang='lat' dir='ltr'><strong>Notus</strong></span> <span class='ocrx_word' id='word_1_45' title='bbox 908 1777 1010 1843; x_wconf 85' lang='lat' dir='ltr'><strong>evolat</strong></span> <span class='ocrx_word' id='word_1_46' title='bbox 1035 1778 1091 1842; x_wconf 90' lang='lat' dir='ltr'><strong>alis</strong></span> 
     </span>
     <span class='ocr_line' id='line_1_10' title="bbox 492 1896 1213 1983; baseline 0 -22"><span class='ocrx_word' id='word_1_47' title='bbox 492 1898 672 1963; x_wconf 77' lang='lat' dir='ltr'>Terribilem</span> <span class='ocrx_word' id='word_1_48' title='bbox 696 1900 781 1983; x_wconf 89' lang='lat' dir='ltr'><strong>pieea</strong></span> <span class='ocrx_word' id='word_1_49' title='bbox 803 1906 905 1963; x_wconf 85' lang='lat' dir='ltr'><strong>tectus</strong></span> <span class='ocrx_word' id='word_1_50' title='bbox 928 1896 1059 1981; x_wconf 87' lang='lat' dir='ltr'><strong>ealigine</strong></span> <span class='ocrx_word' id='word_1_51' title='bbox 1084 1896 1213 1961; x_wconf 90' lang='lat' dir='ltr'><strong>vultum.</strong></span> 
     </span>
     <span class='ocr_line' id='line_1_11' title="bbox 397 2013 1367 2100; baseline -0.002 -22"><span class='ocrx_word' id='word_1_52' title='bbox 397 2016 448 2078; x_wconf 76' lang='lat'><strong>¹19.</strong></span> <span class='ocrx_word' id='word_1_53' title='bbox 483 2016 587 2080; x_wconf 75' lang='grc' dir='ltr'><strong><em>κείνων,</em></strong></span> <span class='ocrx_word' id='word_1_54' title='bbox 623 2016 758 2080; x_wconf 79' lang='lat' dir='ltr'><strong>Possunt</strong></span> <span class='ocrx_word' id='word_1_55' title='bbox 781 2015 948 2100; x_wconf 83' lang='lat' dir='ltr'><strong>significari</strong></span> <span class='ocrx_word' id='word_1_56' title='bbox 971 2013 1046 2091; x_wconf 84' lang='lat' dir='ltr'><strong>Lei,</strong></span> <span class='ocrx_word' id='word_1_57' title='bbox 1076 2020 1107 2077; x_wconf 88' lang='lat' dir='ltr'><strong>et</strong></span> <span class='ocrx_word' id='word_1_58' title='bbox 1122 2013 1277 2097; x_wconf 81' lang='lat' dir='ltr'><strong>genitivus</strong></span> <span class='ocrx_word' id='word_1_59' title='bbox 1293 2035 1367 2098; x_wconf 90' lang='lat' dir='ltr'><strong>pen·</strong></span> 
     </span>
     <span class='ocr_line' id='line_1_12' title="bbox 350 2130 1368 2218; baseline 0 -23"><span class='ocrx_word' id='word_1_60' title='bbox 350 2130 422 2196; x_wconf 88' lang='lat' dir='ltr'><strong>dere</strong></span> <span class='ocrx_word' id='word_1_61' title='bbox 444 2155 462 2195; x_wconf 91' lang='lat' dir='ltr'><strong>a</strong></span> <span class='ocrx_word' id='word_1_62' title='bbox 484 2132 639 2209; x_wconf 75' lang='grc' dir='ltr'><strong><em>βασιλῆες.</em></strong></span> <span class='ocrx_word' id='word_1_63' title='bbox 676 2133 770 2213; x_wconf 79' lang='lat' dir='ltr'><strong>Quod</strong></span> <span class='ocrx_word' id='word_1_64' title='bbox 794 2132 920 2218; x_wconf 85' lang='lat' dir='ltr'><strong>quidem</strong></span> <span class='ocrx_word' id='word_1_65' title='bbox 943 2154 1069 2209; x_wconf 91' lang='lat' dir='ltr'><strong>moneo,</strong></span> <span class='ocrx_word' id='word_1_66' title='bbox 1093 2138 1257 2195; x_wconf 88' lang='lat' dir='ltr'><strong>uteorum</strong></span> <span class='ocrx_word' id='word_1_67' title='bbox 1282 2130 1368 2214; x_wconf 87' lang='lat' dir='ltr'><strong>adju·</strong></span> 
     </span>
     <span class='ocr_line' id='line_1_13' title="bbox 350 2247 1363 2333; baseline -0.002 -20"><span class='ocrx_word' id='word_1_68' title='bbox 350 2270 417 2313; x_wconf 89' lang='lat' dir='ltr'><strong>vem</strong></span> <span class='ocrx_word' id='word_1_69' title='bbox 448 2248 567 2327; x_wconf 85' lang='lat' dir='ltr'><strong>studia,</strong></span> <span class='ocrx_word' id='word_1_70' title='bbox 599 2250 711 2333; x_wconf 88' lang='lat' dir='ltr'><strong>quibus</strong></span> <span class='ocrx_word' id='word_1_71' title='bbox 745 2252 873 2315; x_wconf 84' lang='lat' dir='ltr'><strong>sortasse</strong></span> <span class='ocrx_word' id='word_1_72' title='bbox 903 2272 972 2314; x_wconf 91' lang='lat' dir='ltr'><strong>mea</strong></span> <span class='ocrx_word' id='word_1_73' title='bbox 995 2249 1148 2313; x_wconf 87' lang='lat' dir='ltr'><strong>sententia</strong></span> <span class='ocrx_word' id='word_1_74' title='bbox 1171 2247 1363 2333; x_wconf 81' lang='lat' dir='ltr'><strong>displicebit,</strong></span> 
     </span>
     <span class='ocr_line' id='line_1_14' title="bbox 350 2362 1365 2451; baseline -0.002 -22"><span class='ocrx_word' id='word_1_75' title='bbox 350 2374 511 2450; x_wconf 87' lang='lat' dir='ltr'><strong>propterea</strong></span> <span class='ocrx_word' id='word_1_76' title='bbox 540 2367 623 2450; x_wconf 84' lang='lat' dir='ltr'><strong>quod</strong></span> <span class='ocrx_word' id='word_1_77' title='bbox 655 2375 702 2444; x_wconf 84' lang='lat' dir='ltr'><strong>est</strong></span> <span class='ocrx_word' id='word_1_78' title='bbox 732 2369 837 2451; x_wconf 87' lang='lat' dir='ltr'><strong>aliqua</strong></span> <span class='ocrx_word' id='word_1_79' title='bbox 867 2367 977 2431; x_wconf 89' lang='lat' dir='ltr'><strong>harum</strong></span> <span class='ocrx_word' id='word_1_80' title='bbox 1007 2388 1109 2430; x_wconf 89' lang='lat' dir='ltr'><strong>rerum</strong></span> <span class='ocrx_word' id='word_1_81' title='bbox 1139 2362 1310 2429; x_wconf 79' lang='lat' dir='ltr'><strong>obscuritas</strong></span> <span class='ocrx_word' id='word_1_82' title='bbox 1335 2371 1365 2428; x_wconf 91' lang='lat' dir='ltr'><strong>et</strong></span> 
     </span>
     <span class='ocr_line' id='line_1_15' title="bbox 350 2482 1367 2570; baseline -0.002 -22"><span class='ocrx_word' id='word_1_83' title='bbox 350 2482 524 2568; x_wconf 78' lang='lat' dir='ltr'><strong>explicandi</strong></span> <span class='ocrx_word' id='word_1_84' title='bbox 547 2484 722 2549; x_wconf 88' lang='lat' dir='ltr'><strong>difficultas.</strong></span> <span class='ocrx_word' id='word_1_85' title='bbox 759 2485 874 2550; x_wconf 84' lang='lat' dir='ltr'><strong>Verum</strong></span> <span class='ocrx_word' id='word_1_86' title='bbox 899 2508 956 2570; x_wconf 88' lang='lat' dir='ltr'><strong>ego</strong></span> <span class='ocrx_word' id='word_1_87' title='bbox 980 2485 1077 2549; x_wconf 83' lang='grc' dir='ltr'><strong><em>κείνων</em></strong></span> <span class='ocrx_word' id='word_1_88' title='bbox 1101 2484 1197 2548; x_wconf 80' lang='lat' dir='ltr'><strong>refero</strong></span> <span class='ocrx_word' id='word_1_89' title='bbox 1222 2483 1259 2547; x_wconf 88' lang='lat' dir='ltr'><strong>ad</strong></span> <span class='ocrx_word' id='word_1_90' title='bbox 1284 2483 1367 2546; x_wconf 91' lang='lat' dir='ltr'><strong>Deu-</strong></span> 
     </span>
     <span class='ocr_line' id='line_1_16' title="bbox 351 2598 1366 2689; baseline -0.002 -24"><span class='ocrx_word' id='word_1_91' title='bbox 351 2600 498 2666; x_wconf 83' lang='lat' dir='ltr'><strong>calionem</strong></span> <span class='ocrx_word' id='word_1_92' title='bbox 523 2610 554 2666; x_wconf 87' lang='lat' dir='ltr'><strong>et</strong></span> <span class='ocrx_word' id='word_1_93' title='bbox 576 2602 741 2688; x_wconf 76' lang='lat' dir='ltr'>Pyrrham,</span> <span class='ocrx_word' id='word_1_94' title='bbox 766 2626 863 2689; x_wconf 87' lang='lat' dir='ltr'><strong>eoque</strong></span> <span class='ocrx_word' id='word_1_95' title='bbox 884 2602 1019 2688; x_wconf 80' lang='lat' dir='ltr'><strong>genitivo</strong></span> <span class='ocrx_word' id='word_1_96' title='bbox 1035 2602 1183 2686; x_wconf 81' lang='lat' dir='ltr'><strong>originem</strong></span> <span class='ocrx_word' id='word_1_97' title='bbox 1200 2598 1366 2685; x_wconf 84' lang='lat' dir='ltr'><strong>significari</strong></span> 
     </span>
     <span class='ocr_line' id='line_1_17' title="bbox 351 2717 1006 2804; baseline 0.003 -24"><span class='ocrx_word' id='word_1_98' title='bbox 351 2718 491 2781; x_wconf 78' lang='lat' dir='ltr'><strong>arbitror.</strong></span> <span class='ocrx_word' id='word_1_99' title='bbox 538 2717 688 2785; x_wconf 86' lang='lat' dir='ltr'><strong>Similiter</strong></span> <span class='ocrx_word' id='word_1_100' title='bbox 711 2718 805 2804; x_wconf 82' lang='lat' dir='ltr'><strong>Sopb.</strong></span> <span class='ocrx_word' id='word_1_101' title='bbox 830 2721 938 2804; x_wconf 80' lang='lat' dir='ltr'><strong>Antig.</strong></span> <span class='ocrx_word' id='word_1_102' title='bbox 964 2722 1006 2782; x_wconf 81' lang='lat'><strong>38</strong></span> 
     </span>
     <span class='ocr_line' id='line_1_18' title="bbox 506 2836 1205 2919; baseline 0.001 -19"><span class='ocrx_word' id='word_1_103' title='bbox 506 2836 560 2901; x_wconf 76' lang='grc' dir='ltr'><strong>εἴτ’</strong></span> <span class='ocrx_word' id='word_1_104' title='bbox 584 2840 703 2915; x_wconf 72' lang='grc' dir='ltr'><strong>εὐγενὴς</strong></span> <span class='ocrx_word' id='word_1_105' title='bbox 726 2838 883 2919; x_wconf 70' lang='grc' dir='ltr'><strong>πέφυκας,</strong></span> <span class='ocrx_word' id='word_1_106' title='bbox 905 2836 959 2901; x_wconf 77' lang='grc' dir='ltr'><strong><em>οἵτ’</em></strong></span> <span class='ocrx_word' id='word_1_107' title='bbox 983 2837 1088 2901; x_wconf 73' lang='grc' dir='ltr'><strong><em>ἐσθλῶν</em></strong></span> <span class='ocrx_word' id='word_1_108' title='bbox 1110 2837 1205 2910; x_wconf 60' lang='grc' dir='ltr'><strong><em>καλά’</em></strong></span> 
     </span>
    </p>

    <p class='ocr_par' dir='ltr' id='par_1_3' title="bbox 351 2950 1366 3265">
     <span class='ocr_line' id='line_1_19' title="bbox 351 2950 1366 3037; baseline -0.001 -22"><span class='ocrx_word' id='word_1_109' title='bbox 351 2951 465 3017; x_wconf 88' lang='lat' dir='ltr'><strong>Utrum</strong></span> <span class='ocrx_word' id='word_1_110' title='bbox 488 2974 635 3037; x_wconf 83' lang='lat' dir='ltr'><strong>generosa</strong></span> <span class='ocrx_word' id='word_1_111' title='bbox 657 2954 698 3017; x_wconf 87' lang='lat' dir='ltr'><strong>sis</strong></span> <span class='ocrx_word' id='word_1_112' title='bbox 722 2978 761 3018; x_wconf 88' lang='lat' dir='ltr'><strong>an</strong></span> <span class='ocrx_word' id='word_1_113' title='bbox 784 2976 821 3017; x_wconf 86' lang='lat' dir='ltr'><strong>ex</strong></span> <span class='ocrx_word' id='word_1_114' title='bbox 844 2953 933 3018; x_wconf 93' lang='lat' dir='ltr'><strong>bonis</strong></span> <span class='ocrx_word' id='word_1_115' title='bbox 955 2952 1044 3016; x_wconf 84' lang='lat' dir='ltr'><strong>mela.</strong></span> <span class='ocrx_word' id='word_1_116' title='bbox 1081 2950 1188 3036; x_wconf 80' lang='lat' dir='ltr'><strong>Eurip.</strong></span> <span class='ocrx_word' id='word_1_117' title='bbox 1206 2951 1282 3015; x_wconf 90' lang='lat' dir='ltr'><strong>Heo.</strong></span> <span class='ocrx_word' id='word_1_118' title='bbox 1301 2953 1341 3015; x_wconf 80' lang='lat' dir='ltr'><strong>at</strong></span> <span class='ocrx_word' id='word_1_119' title='bbox 1347 2954 1366 3014; x_wconf 82' lang='lat'><strong>6</strong></span> 
     </span>
     <span class='ocr_line' id='line_1_20' title="bbox 529 3069 1178 3152; baseline 0 -19"><span class='ocrx_word' id='word_1_120' title='bbox 529 3069 615 3141; x_wconf 74' lang='grc' dir='ltr'><strong><em>δεινος</em></strong></span> <span class='ocrx_word' id='word_1_121' title='bbox 639 3073 798 3152; x_wconf 67' lang='grc' dir='ltr'><strong><em>χαρακτὴρ</em></strong></span> <span class='ocrx_word' id='word_1_122' title='bbox 821 3071 990 3149; x_wconf 64' lang='lat' dir='ltr'><strong>adalongus</strong></span> <span class='ocrx_word' id='word_1_123' title='bbox 1014 3072 1043 3134; x_wconf 77' lang='grc' dir='ltr'><strong>ἐν</strong></span> <span class='ocrx_word' id='word_1_124' title='bbox 1065 3070 1178 3150; x_wconf 77' lang='grc' dir='ltr'><strong><em>βροτοῖς</em></strong></span> 
     </span>
     <span class='ocr_line' id='line_1_21' title="bbox 528 3187 802 3265; baseline -0.004 -14"><span class='ocrx_word' id='word_1_125' title='bbox 528 3188 633 3251; x_wconf 75' lang='grc' dir='ltr'><strong><em>ἐσθλῶν</em></strong></span> <span class='ocrx_word' id='word_1_126' title='bbox 658 3187 802 3265; x_wconf 71' lang='grc' dir='ltr'><strong><em>γενέσθαι.</em></strong></span> 
     </span>
    </p>

    <p class='ocr_par' dir='ltr' id='par_1_4' title="bbox 349 3301 1370 3507">
     <span class='ocr_line' id='line_1_22' title="bbox 397 3301 1370 3388; baseline 0.001 -24"><span class='ocrx_word' id='word_1_127' title='bbox 397 3303 449 3365; x_wconf 86' lang='grc'><strong>80.</strong></span> <span class='ocrx_word' id='word_1_128' title='bbox 487 3302 625 3385; x_wconf 77' lang='grc' dir='ltr'><strong><em>ὑμέτεροι.</em></strong></span> <span class='ocrx_word' id='word_1_129' title='bbox 660 3303 866 3368; x_wconf 78' lang='lat' dir='ltr'><strong>statuendum</strong></span> <span class='ocrx_word' id='word_1_130' title='bbox 898 3326 965 3367; x_wconf 87' lang='lat' dir='ltr'><strong>esse</strong></span> <span class='ocrx_word' id='word_1_131' title='bbox 989 3304 1163 3381; x_wconf 77' lang='lat' dir='ltr'><strong>cernimus,</strong></span> <span class='ocrx_word' id='word_1_132' title='bbox 1184 3301 1370 3388; x_wconf 84' lang='lat' dir='ltr'><strong>Ephermor·</strong></span> 
     </span>
     <span class='ocr_line' id='line_1_23' title="bbox 349 3420 1047 3507; baseline 0.003 -23"><span class='ocrx_word' id='word_1_133' title='bbox 349 3428 417 3484; x_wconf 91' lang='lat' dir='ltr'><strong>tum</strong></span> <span class='ocrx_word' id='word_1_134' title='bbox 439 3420 535 3485; x_wconf 89' lang='lat' dir='ltr'><strong>fuisse</strong></span> <span class='ocrx_word' id='word_1_135' title='bbox 558 3442 575 3485; x_wconf 88' lang='lat' dir='ltr'><strong>e</strong></span> <span class='ocrx_word' id='word_1_136' title='bbox 598 3422 682 3507; x_wconf 83' lang='lat' dir='ltr'><strong>regia</strong></span> <span class='ocrx_word' id='word_1_137' title='bbox 704 3421 916 3507; x_wconf 87' lang='lat' dir='ltr'><strong>Opuntiorum</strong></span> <span class='ocrx_word' id='word_1_138' title='bbox 940 3422 1047 3507; x_wconf 87' lang='lat' dir='ltr'><strong>stirpe.</strong></span> 
     </span>
    </p>

    <p class='ocr_par' dir='ltr' id='par_1_5' title="bbox 345 3539 1436 4334">
     <span class='ocr_line' id='line_1_24' title="bbox 395 3539 1368 3619; baseline 0.003 -19"><span class='ocrx_word' id='word_1_139' title='bbox 395 3540 447 3603; x_wconf 84' lang='grc'><strong>81.</strong></span> <span class='ocrx_word' id='word_1_140' title='bbox 482 3539 612 3619; x_wconf 71' lang='grc' dir='ltr'><strong>αρχῖοθεν</strong></span> <span class='ocrx_word' id='word_1_141' title='bbox 642 3564 670 3604; x_wconf 86' lang='grc' dir='ltr'><strong>κ.</strong></span> <span class='ocrx_word' id='word_1_142' title='bbox 702 3565 730 3604; x_wconf 92' lang='grc' dir='ltr'><strong>τ.</strong></span> <span class='ocrx_word' id='word_1_143' title='bbox 763 3555 794 3606; x_wconf 91' lang='grc' dir='ltr'><strong>λ.</strong></span> <span class='ocrx_word' id='word_1_144' title='bbox 830 3539 986 3604; x_wconf 84' lang='lat' dir='ltr'><strong>Pluralem</strong></span> <span class='ocrx_word' id='word_1_145' title='bbox 1021 3562 1199 3617; x_wconf 89' lang='lat' dir='ltr'><strong>nnmerum,</strong></span> <span class='ocrx_word' id='word_1_146' title='bbox 1230 3540 1314 3617; x_wconf 78' lang='grc' dir='ltr'><strong><em>κορῖον</em></strong></span> <span class='ocrx_word' id='word_1_147' title='bbox 1337 3544 1368 3603; x_wconf 89' lang='lat' dir='ltr'><strong>et</strong></span> 
     </span>
     <span class='ocr_line' id='line_1_25' title="bbox 348 3655 1369 3743; baseline 0.001 -23"><span class='ocrx_word' id='word_1_148' title='bbox 348 3656 498 3740; x_wconf 68' lang='grc' dir='ltr'><strong><em>Κρονιδᾶν,</em></strong></span> <span class='ocrx_word' id='word_1_149' title='bbox 531 3655 628 3721; x_wconf 86' lang='lat' dir='ltr'><strong>Poeta</strong></span> <span class='ocrx_word' id='word_1_150' title='bbox 657 3657 778 3742; x_wconf 90' lang='lat' dir='ltr'><strong>posuit,</strong></span> <span class='ocrx_word' id='word_1_151' title='bbox 813 3668 849 3721; x_wconf 87' lang='lat' dir='ltr'><strong>ut</strong></span> <span class='ocrx_word' id='word_1_152' title='bbox 880 3658 1064 3742; x_wconf 89' lang='lat' dir='ltr'><strong>dignitatem</strong></span> <span class='ocrx_word' id='word_1_153' title='bbox 1097 3658 1187 3743; x_wconf 90' lang='lat' dir='ltr'><strong>stirpi</strong></span> <span class='ocrx_word' id='word_1_154' title='bbox 1214 3655 1369 3743; x_wconf 81' lang='lat' dir='ltr'><strong>Opuntiae</strong></span> 
     </span>
     <span class='ocr_line' id='line_1_26' title="bbox 348 3773 1369 3861; baseline 0.003 -25"><span class='ocrx_word' id='word_1_155' title='bbox 348 3774 449 3858; x_wconf 81' lang='lat' dir='ltr'><strong>regiae</strong></span> <span class='ocrx_word' id='word_1_156' title='bbox 472 3773 584 3851; x_wconf 86' lang='lat' dir='ltr'><strong>addat,</strong></span> <span class='ocrx_word' id='word_1_157' title='bbox 609 3776 769 3840; x_wconf 84' lang='lat' dir='ltr'><strong>universas</strong></span> <span class='ocrx_word' id='word_1_158' title='bbox 792 3784 901 3861; x_wconf 86' lang='lat' dir='ltr'><strong>gentes</strong></span> <span class='ocrx_word' id='word_1_159' title='bbox 921 3776 1139 3861; x_wconf 83' lang='lat' dir='ltr'><strong>significando,</strong></span> <span class='ocrx_word' id='word_1_160' title='bbox 1157 3775 1196 3839; x_wconf 88' lang='lat' dir='ltr'><strong>ad</strong></span> <span class='ocrx_word' id='word_1_161' title='bbox 1212 3797 1288 3861; x_wconf 86' lang='lat' dir='ltr'><strong>quas</strong></span> <span class='ocrx_word' id='word_1_162' title='bbox 1304 3775 1369 3859; x_wconf 88' lang='lat' dir='ltr'><strong>ejus</strong></span> 
     </span>
     <span class='ocr_line' id='line_1_27' title="bbox 347 3892 1368 3980; baseline 0.002 -25"><span class='ocrx_word' id='word_1_163' title='bbox 347 3892 439 3955; x_wconf 81' lang='lat' dir='ltr'><strong>refert</strong></span> <span class='ocrx_word' id='word_1_164' title='bbox 471 3892 612 3977; x_wconf 89' lang='lat' dir='ltr'><strong>origines.</strong></span> <span class='ocrx_word' id='word_1_165' title='bbox 660 3893 764 3978; x_wconf 91' lang='lat' dir='ltr'><strong>Ipsam</strong></span> <span class='ocrx_word' id='word_1_166' title='bbox 801 3894 929 3979; x_wconf 84' lang='lat' dir='ltr'><strong>originis</strong></span> <span class='ocrx_word' id='word_1_167' title='bbox 962 3894 1216 3980; x_wconf 85' lang='lat' dir='ltr'><strong>significationem</strong></span> <span class='ocrx_word' id='word_1_168' title='bbox 1240 3894 1267 3958; x_wconf 87' lang='lat' dir='ltr'><strong>si</strong></span> <span class='ocrx_word' id='word_1_169' title='bbox 1289 3894 1368 3958; x_wconf 82' lang='lat' dir='ltr'><strong>forte</strong></span> 
     </span>
     <span class='ocr_line' id='line_1_28' title="bbox 347 4010 1436 4098; baseline 0.003 -26"><span class='ocrx_word' id='word_1_170' title='bbox 347 4030 408 4072; x_wconf 90' lang='lat' dir='ltr'><strong>non</strong></span> <span class='ocrx_word' id='word_1_171' title='bbox 441 4010 515 4073; x_wconf 88' lang='lat' dir='ltr'><strong>satis</strong></span> <span class='ocrx_word' id='word_1_172' title='bbox 546 4011 706 4096; x_wconf 84' lang='lat' dir='ltr'><strong>perspicue</strong></span> <span class='ocrx_word' id='word_1_173' title='bbox 728 4013 763 4077; x_wconf 90' lang='lat' dir='ltr'><strong>in</strong></span> <span class='ocrx_word' id='word_1_174' title='bbox 786 4012 1044 4098; x_wconf 88' lang='lat' dir='ltr'><strong>interpretatione</strong></span> <span class='ocrx_word' id='word_1_175' title='bbox 1067 4011 1179 4077; x_wconf 88' lang='lat' dir='ltr'><strong>Latina</strong></span> <span class='ocrx_word' id='word_1_176' title='bbox 1202 4012 1368 4097; x_wconf 84' lang='lat' dir='ltr'><strong>exprimere</strong></span> <span class='ocrx_word' id='word_1_177' title='bbox 1430 4072 1436 4082; x_wconf 77' lang='grc'><strong>,</strong></span> 
     </span>
     <span class='ocr_line' id='line_1_29' title="bbox 345 4126 1365 4214; baseline 0.004 -26"><span class='ocrx_word' id='word_1_178' title='bbox 345 4126 522 4210; x_wconf 88' lang='lat' dir='ltr'><strong>potuimus,</strong></span> <span class='ocrx_word' id='word_1_179' title='bbox 558 4137 605 4191; x_wconf 91' lang='lat' dir='ltr'><strong>est</strong></span> <span class='ocrx_word' id='word_1_180' title='bbox 638 4150 674 4191; x_wconf 87' lang='lat' dir='ltr'><strong>ea</strong></span> <span class='ocrx_word' id='word_1_181' title='bbox 707 4127 901 4214; x_wconf 87' lang='lat' dir='ltr'><strong>hujusmodi:</strong></span> <span class='ocrx_word' id='word_1_182' title='bbox 943 4130 1079 4195; x_wconf 86' lang='lat' dir='ltr'><strong>habuere</strong></span> <span class='ocrx_word' id='word_1_183' title='bbox 1114 4129 1206 4193; x_wconf 85' lang='lat' dir='ltr'><strong>vestri</strong></span> <span class='ocrx_word' id='word_1_184' title='bbox 1237 4129 1365 4214; x_wconf 85' lang='lat' dir='ltr'><strong>majores</strong></span> 
     </span>
     <span class='ocr_line' id='line_1_30' title="bbox 345 4245 1363 4334; baseline 0.008 -29"><span class='ocrx_word' id='word_1_185' title='bbox 345 4252 512 4307; x_wconf 89' lang='lat' dir='ltr'><strong>maternam</strong></span> <span class='ocrx_word' id='word_1_186' title='bbox 537 4245 687 4329; x_wconf 83' lang='lat' dir='ltr'><strong>originem</strong></span> <span class='ocrx_word' id='word_1_187' title='bbox 709 4268 746 4310; x_wconf 85' lang='lat' dir='ltr'><strong>ex</strong></span> <span class='ocrx_word' id='word_1_188' title='bbox 769 4254 861 4331; x_wconf 89' lang='lat' dir='ltr'><strong>gente</strong></span> <span class='ocrx_word' id='word_1_189' title='bbox 881 4247 899 4309; x_wconf 86' lang='lat' dir='ltr'>J</span> <span class='ocrx_word' id='word_1_190' title='bbox 905 4250 1006 4333; x_wconf 84' lang='lat' dir='ltr'><strong>apeti,</strong></span> <span class='ocrx_word' id='word_1_191' title='bbox 1031 4254 1189 4334; x_wconf 85' lang='lat' dir='ltr'><strong>paternam</strong></span> <span class='ocrx_word' id='word_1_192' title='bbox 1212 4269 1248 4311; x_wconf 85' lang='lat' dir='ltr'><strong>ex</strong></span> <span class='ocrx_word' id='word_1_193' title='bbox 1271 4253 1363 4331; x_wconf 87' lang='lat' dir='ltr'><strong>gente</strong></span> 
     </span>
    </p>
   </div>
   <div class='ocr_carea' id='block_1_3' title="bbox 345 4358 1363 4570">
    <p class='ocr_par' dir='ltr' id='par_1_6' title="bbox 345 4358 1363 4570">
     <span class='ocr_line' id='line_1_31' title="bbox 345 4358 1363 4452; baseline 0.006 -28"><span class='ocrx_word' id='word_1_194' title='bbox 345 4358 455 4425; x_wconf 86' lang='lat' dir='ltr'><strong>Oroni:</strong></span> <span class='ocrx_word' id='word_1_195' title='bbox 489 4385 558 4426; x_wconf 89' lang='lat' dir='ltr'><strong>nam</strong></span> <span class='ocrx_word' id='word_1_196' title='bbox 584 4364 711 4427; x_wconf 78' lang='lat' dir='ltr'><strong>suerunt</strong></span> <span class='ocrx_word' id='word_1_197' title='bbox 733 4364 790 4428; x_wconf 89' lang='lat' dir='ltr'><strong>filii</strong></span> <span class='ocrx_word' id='word_1_198' title='bbox 814 4364 1006 4451; x_wconf 83' lang='lat' dir='ltr'><strong>puellarum,</strong></span> <span class='ocrx_word' id='word_1_199' title='bbox 1032 4390 1110 4451; x_wconf 89' lang='lat' dir='ltr'><strong>quae</strong></span> <span class='ocrx_word' id='word_1_200' title='bbox 1133 4364 1253 4452; x_wconf 88' lang='lat' dir='ltr'><strong>puellae</strong></span> <span class='ocrx_word' id='word_1_201' title='bbox 1277 4374 1363 4430; x_wconf 88' lang='lat' dir='ltr'><strong>erant</strong></span> 
     </span>
     <span class='ocr_line' id='line_1_32' title="bbox 345 4479 1359 4570; baseline 0.008 -29"><span class='ocrx_word' id='word_1_202' title='bbox 345 4500 381 4542; x_wconf 85' lang='lat' dir='ltr'><strong>ex</strong></span> <span class='ocrx_word' id='word_1_203' title='bbox 405 4487 496 4563; x_wconf 89' lang='lat' dir='ltr'><strong>gente</strong></span> <span class='ocrx_word' id='word_1_204' title='bbox 518 4479 731 4566; x_wconf 85' lang='lat' dir='ltr'><strong>Japetionide,</strong></span> <span class='ocrx_word' id='word_1_205' title='bbox 756 4483 911 4570; x_wconf 88' lang='lat' dir='ltr'><strong>iidemque</strong></span> <span class='ocrx_word' id='word_1_206' title='bbox 933 4485 1059 4549; x_wconf 82' lang='lat' dir='ltr'><strong>fuerunt</strong></span> <span class='ocrx_word' id='word_1_207' title='bbox 1073 4484 1128 4549; x_wconf 89' lang='lat' dir='ltr'><strong>filii</strong></span> <span class='ocrx_word' id='word_1_208' title='bbox 1145 4482 1359 4549; x_wconf 85' lang='lat' dir='ltr'><strong>Oronidarum.</strong></span> 
     </span>
    </p>
   </div>
   <div class='ocr_carea' id='block_1_4' title="bbox 0 0 1868 5542">
    <p class='ocr_par' dir='ltr' id='par_1_7' title="bbox 0 0 1868 5542">
     <span class='ocr_line' id='line_1_33' title="bbox 0 0 1868 5542; baseline 0 1"><span class='ocrx_word' id='word_1_209' title='bbox 0 0 1868 5542; x_wconf 95' lang='lat' dir='ltr'><strong> </strong></span> 
     </span>
    </p>
   </div>
  </div>
 </body>
</html>
