3725 5542
853 724 889 787 17

359 944 395 992 ut
425 928 528 1005 sileat,
557 924 711 1011 quomodo
739 924 791 988 ille
814 923 897 987 filius
921 933 1083 1010 susceptus
1106 925 1155 989 sit.
1172 926 1196 1008 ¹)
1242 923 1378 989 Omnino

354 1046 524 1132 simplicior
548 1043 701 1109 Pindarus
721 1043 754 1107 in
774 1042 833 1106 Dei
853 1065 955 1107 amore
974 1043 1183 1126 beneficioque
1204 1042 1376 1117 laudando,

356 1187 414 1229 nec
438 1186 509 1229 sane
534 1161 704 1227 seeundum
729 1161 811 1225 hunc

484 1282 609 1367 Jupiter
636 1280 764 1345 infamat
787 1301 880 1363 seque
903 1301 1052 1362 suamque
1076 1279 1251 1370 domum.})

402 1400 508 1485 Ipsam
534 1399 668 1464 lunonis
691 1398 723 1461 in
749 1396 914 1461 Herculem
939 1398 1017 1460 iram
1040 1398 1102 1461 fere
1126 1398 1210 1461 sileri
1229 1399 1295 1482 jam
1316 1418 1381 1460 mo·

356 1520 493 1584 unimus.
541 1521 645 1603 Atque
675 1517 800 1581 omnino
833 1515 926 1580 semel
954 1517 1037 1601 apud
1065 1517 1234 1581 Pindarum
1258 1528 1305 1581 est
1327 1517 1381 1580 ali·

355 1637 434 1723 quid
464 1637 633 1722 ejusmodi,
668 1644 703 1699 ut
733 1636 767 1699 in
798 1637 908 1699 amoris
941 1657 1034 1700 causa
1058 1637 1112 1700 fiat
1134 1658 1198 1700 non
1221 1636 1380 1701 altercatio

357 1764 390 1819 et
417 1756 573 1840 jurgium,
606 1754 659 1819 sed
689 1754 860 1839 disputatio
884 1762 915 1817 et
938 1761 1106 1832 certamen,
1131 1756 1165 1819 in
1188 1776 1250 1839 quo
1274 1766 1306 1819 et
1328 1778 1381 1819 au-

358 1874 444 1939 ditur
477 1874 624 1939 continuo
656 1872 806 1957 sapientia
836 1871 994 1937 Themidis
1027 1882 1057 1937 et
1088 1873 1317 1959 obtemperatur
1341 1874 1379 1938 ei.

358 1990 439 2055 Nam
463 1990 605 2055 Thetidis
629 1989 819 2055 connubium
843 1991 1087 2075 corroupiveruut
1106 1989 1230 2077 Jupiter
1248 2000 1280 2055 et
1299 1990 1382 2076 Nep·

358 2118 472 2174 tunus:
497 2130 560 2173 non
583 2108 656 2172 sivit
678 2107 820 2171 Themis:
846 2130 917 2171 nam
938 2106 1082 2173 Thetidis
1106 2108 1222 2194 prolem
1246 2132 1283 2172 ex
1304 2108 1381 2172 Jove

359 2227 407 2292 vel
442 2228 533 2290 sratre
567 2225 653 2289 Jovis
688 2233 861 2311 susceptam
891 2224 971 2289 dixit
1001 2238 1088 2311 patre
1118 2227 1183 2291 lore
1215 2229 1379 2313 majorem:

357 2344 463 2409 deberi
490 2344 613 2409 mortali
640 2366 706 2408 eam
730 2344 849 2408 marito.
898 2344 1062 2409 Dederunt
1084 2344 1193 2421 Peleo,
1219 2356 1381 2431 propterea

360 2461 446 2547 quod
476 2462 503 2524 is
534 2469 598 2525 erat
626 2482 660 2523 ex
681 2460 853 2545 justissima
876 2470 967 2545 geute
991 2462 1083 2525 Aeaci
1109 2472 1140 2526 et
1163 2462 1228 2546 ipse
1250 2463 1383 2526 maxime

361 2580 442 2665 pius.
455 2576 479 2661 3)
526 2576 687 2641 Cernimus
723 2577 907 2642 clarissimae
939 2578 1022 2643 Deae
1055 2580 1242 2643 connubium
1275 2580 1381 2644 datum

361 2718 418 2783 pro
443 2696 566 2761 virtutis
590 2696 734 2780 praemio.

832 2934 910 3015 ss.

677 3166 724 3230 De
759 3166 895 3231 Vindicta
932 3168 1069 3231 Deorum.

412 3398 570 3483 Dignitate
593 3400 637 3463 ita
661 3400 842 3467 mortalibus
866 3408 1020 3485 praestare
1044 3402 1126 3466 Deos
1144 3403 1294 3488 judicavit
1315 3402 1385 3467 Pin·

363 3518 473 3594 darus,
499 3524 534 3581 ut
558 3517 595 3581 de
619 3518 687 3581 Diis
711 3517 862 3583 dicentem
886 3520 1019 3583 maxima
1034 3520 1155 3584 deceret
1172 3521 1337 3606 prudentia
1353 3528 1385 3585 et

362 3636 485 3701 caurio:
518 3658 614 3720 eaque
645 3636 805 3721 dignitatis
837 3640 1024 3724 praestantia
1055 3639 1148 3703 etiam
1176 3639 1269 3704 iniis
1293 3642 1385 3706 rebus

362 3763 446 3832 erat,
479 3755 592 3839 quibus
625 3756 755 3820 maxime
787 3766 817 3821 et
845 3756 959 3822 similes
983 3758 1162 3822 hominibus
1186 3767 1310 3824 etcum
1334 3759 1387 3822 ho·

362 3870 499 3935 minibus
531 3873 689 3957 conjuncti
721 3884 813 3951 sunt,
846 3874 878 3938 id
908 3884 955 3939 est
982 3876 1013 3939 in
1038 3875 1203 3940 amoribus.
1250 3874 1387 3939 Omnino

361 3992 546 4074 cognatione
579 3991 711 4075 quadam
744 3993 833 4057 ambo
865 4015 977 4078 genera
1007 3996 1221 4071 continentur,
1252 3995 1305 4058 sed
1334 3994 1387 4057 Dii

359 4110 454 4191 louge
487 4109 659 4193 superiores
693 4121 774 4175 sunt.
818 4111 947 4189 „Unum
981 4112 1124 4195 idemque
1157 4112 1319 4177 hominum
1350 4136 1385 4176 ac

398 4400 420 4458 ι)
439 4397 513 4447 icor.
613 4399 637 4459 a)
656 4399 763 4462 eopse.
782 4400 807 4448 1.
829 4400 882 4448 111.
901 4400 968 4462 arsy.
989 4400 1030 4449 ιι.
1050 4400 1089 4447 aa

396 4494 421 4555 a)
440 4492 523 4541 nus.
548 4494 622 4543 1111.
642 4494 747 4544 ss-ae.
