3725 5542
998 692 1062 750 448

524 891 706 976 praecedens
733 911 827 974 regno
850 888 1066 967 Doricusinm,
1090 911 1147 954 uec
1170 892 1369 976 praecessisse
1392 893 1540 978 intelligi·

523 1020 591 1073 tur:
616 1031 722 1073 verum
745 1029 807 1090 quo
829 1015 966 1090 tempore
990 1008 1113 1072 initium
1137 1009 1203 1091 ejus
1227 1011 1314 1094 regni
1339 1012 1451 1075 lactum
1476 1012 1536 1088 sit,

522 1127 704 1191 declaratur.
751 1124 903 1188 Pindarus
935 1123 966 1186 h.
991 1123 1184 1208 horiginem
1208 1125 1352 1192 Doricam
1374 1149 1474 1210 nsque
1495 1129 1533 1190 ad

520 1245 624 1329 ipsum
648 1243 895 1307 laudatissimum
918 1242 1019 1325 gentis
1043 1241 1240 1324 Aegineticae
1264 1243 1454 1308 conditorem
1477 1247 1537 1308 Ae·

520 1383 607 1424 acum
631 1361 733 1423 refert
768 1357 859 1422 Nem.
883 1357 937 1421 ΠΙ
962 1361 980 1420 5
1005 1358 1140 1442 appellat
1163 1360 1278 1437 Δωρίδα
1294 1365 1380 1425 νᾶσον
1395 1361 1534 1438 Αἴγιναν,

521 1489 552 1542 et
584 1480 644 1540 21:
675 1475 854 1556 Μυρμιδόνες
885 1472 933 1538 ἵνα
956 1478 1082 1555 πρότερον
1105 1475 1229 1557 ᾤκησαν.
1276 1475 1342 1541 Nec
1365 1486 1466 1542 tamen
1490 1478 1536 1542 ibi

521 1595 668 1659 Doricum
692 1616 804 1657 nomen
827 1601 859 1656 et
882 1591 1092 1676 Myrmidonas
1116 1593 1160 1656 ita
1182 1593 1351 1677 significat,
1377 1603 1412 1658 ut
1435 1595 1468 1659 hi
1490 1617 1537 1658 se

518 1713 619 1797 juncti
649 1711 688 1776 ab
719 1711 774 1774 illo
803 1731 869 1772 esse
891 1708 1072 1786 debuerint,
1097 1709 1151 1772 sed
1173 1711 1298 1790 πρότερον
1322 1711 1535 1776 tautummodo

521 1830 649 1912 antiqua
677 1837 816 1912 tempora
846 1835 942 1890 notat.
987 1824 1147 1909 Significat
1176 1835 1278 1890 sutem
1303 1827 1533 1912 Myrmidonum

520 1945 643 2009 nomine
666 1951 802 2008 vetustos
824 1942 985 2006 Aeacidas.
1021 1941 1108 2021 Quos
1132 1965 1228 2026 qnnm
1252 1945 1284 2008 in
1308 1944 1362 2008 illo
1378 1944 1534 2010 Nemeseo

518 2063 651 2127 carmine
673 2083 735 2126 non
760 2083 778 2124 c
800 2083 928 2124 numero
944 2060 1141 2124 Dorienainm
1157 2061 1287 2138 eximat,
1305 2061 1363 2126 hoc
1379 2085 1449 2126 vero
1465 2063 1533 2126 loco

518 2180 631 2243 diserte
662 2178 695 2241 in
726 2199 798 2240 enm
827 2198 990 2240 nnmerum
1021 2176 1148 2253 referat,
1180 2197 1290 2242 nomeu
1322 2177 1468 2242 Doricum
1493 2177 1533 2242 sd

518 2297 694 2382 antiquiora
726 2303 864 2380 tempora
897 2295 1003 2358 retulit
1036 2303 1068 2360 et
1113 2294 1152 2359 ad
1175 2319 1227 2373 ea,
1251 2296 1366 2380 quihus
1393 2296 1531 2361 nondum

520 2415 553 2479 in
575 2414 694 2498 Aegina
707 2411 897 2476 invaluisset.
933 2410 1049 2476 Verum
1065 2434 1175 2476 nomeu
1193 2413 1271 2478 illud
1279 2463 1289 2493 ,
1306 2414 1390 2498 quod
1406 2416 1532 2479 omniuo

521 2530 675 2614 posterior
705 2530 736 2594 in
768 2529 893 2592 Graecis
926 2529 1076 2605 invaluit,
1109 2529 1217 2594 retulit
1246 2531 1285 2594 od
1309 2533 1413 2616 priora
1435 2532 1537 2616 gentis

520 2656 676 2731 tempora,
699 2653 731 2710 et
756 2646 898 2709 Doricam
913 2653 1035 2729 gentem
1052 2647 1219 2731 appellavit
1236 2669 1320 2724 eam,
1338 2670 1415 2732 quae
1432 2657 1537 2733 postea

520 2763 634 2827 Dorica
655 2763 814 2826 nominata
835 2769 893 2826 est.
929 2759 968 2826 In
992 2762 1131 2847 catalogo
1155 2763 1341 2829 Graecorum
1366 2765 1449 2849 apud
1472 2763 1536 2828 Ho-

521 2903 638 2944 merum
668 2879 864 2944 Doriensinm
893 2902 1005 2944 nomen
1027 2901 1090 2944 uon
1114 2887 1176 2958 est,
1200 2903 1300 2965 neque
1324 2881 1355 2946 in
1379 2891 1446 2946 toto
1469 2880 1533 2946 Ho-

520 3020 622 3076 mero,
646 2998 672 3061 si
695 2997 773 3062 hene
796 2997 940 3075 memini,
965 2997 1277 3082 praeterquamquod
1292 2995 1353 3061 Od.
1372 2997 1449 3062 XIX
1471 3001 1533 3064 177

521 3123 723 3181 numerantur
744 3115 777 3178 in
801 3113 909 3179 Oratae
930 3114 1051 3178 incolis.
1086 3113 1282 3191 Herodotus,
1305 3113 1395 3192 156,
1412 3123 1533 3200 gentem

522 3234 667 3298 Doricam
694 3233 758 3318 jam
791 3231 990 3297 Deucalionis
1021 3241 1157 3318 tempore
1180 3232 1213 3296 iu
1236 3231 1417 3297 Phthiotide
1440 3233 1536 3297 fuisse

521 3351 632 3429 tradit,
666 3373 702 3414 ac
733 3360 799 3414 tum
831 3349 956 3414 demum
980 3349 1123 3413 Doricam
1146 3372 1212 3413 eam
1236 3350 1424 3414 nominatam
1447 3373 1530 3428 esse,

520 3491 617 3553 quum
634 3476 703 3553 post
718 3467 833 3532 multas
845 3467 1041 3551 migrationes
1053 3466 1298 3550 Peloponnesum
1312 3467 1533 3552 occupavisset

522 3589 626 3670 Atque
660 3607 758 3670 quum
792 3593 882 3648 autea
916 3584 1108 3648 Achaeorum
1144 3605 1255 3648 nomen
1286 3583 1395 3648 luisset
1426 3585 1535 3648 ceteris

521 3703 635 3787 majus,
665 3701 697 3766 id
729 3701 813 3786 quod
843 3700 980 3764 ostendit
1010 3699 1181 3776 Homerus,
1212 3701 1267 3783 qni
1297 3721 1386 3786 saepe
1414 3723 1534 3766 omnem

521 3821 708 3884 Graecorum
738 3820 905 3884 exercitum
936 3817 995 3882 hoc
1025 3818 1149 3882 nomine
1180 3816 1335 3894 declarat,
1367 3818 1533 3884 Pindarum

522 3961 592 4015 eos,
624 3938 678 4021 qni
710 3943 801 4001 autes
824 3935 938 4000 Achaei
962 3934 1094 3998 fuissent
1112 3935 1183 4020 jure
1205 3957 1262 3999 sno
1286 3935 1449 4020 appellati,
1475 3935 1536 3998 Do

524 4056 672 4120 niensium
704 4055 828 4119 nomine
861 4052 1055 4138 complexum
1089 4075 1154 4117 esse
1189 4061 1276 4137 puto.
1323 4053 1361 4117 Iu
1396 4055 1538 4139 catalogo

523 4179 626 4235 autem
650 4193 683 4234 vs
708 4172 773 4233 684
796 4178 994 4234 recensentur
1017 4167 1149 4234 Phthiae
1171 4169 1291 4233 incolae
1298 4217 1308 4248 ,

588 4288 768 4368 Μυρμιδόνες
791 4287 821 4350 δὲ
843 4293 986 4351 καλεῦντο
1009 4287 1057 4351 ναὶ
1079 4287 1223 4360 Ἕλληνες
1245 4287 1297 4350 καὶ
1321 4287 1443 4366 Ἀχαιοί
1455 4310 1462 4323 ·

522 4413 555 4468 et
577 4427 626 4467 vas
650 4406 714 4468 559
739 4425 814 4488 seqq
838 4404 945 4487 Argivi
969 4411 1177 4468 memorantur
1199 4403 1439 4489 Epidauriique‚
