3725 5542
800 784 838 847 67

315 980 520 1067 obtemperant
552 1004 586 1044 ea
618 981 763 1045 citharae.
810 980 953 1046 Fulmine
984 982 1069 1045 Jovis
1097 982 1172 1065 quid
1197 982 1331 1046 fortius?

313 1098 381 1181 quid
414 1100 450 1161 eb
481 1097 603 1181 aquilb,
629 1120 707 1181 cquae
731 1099 762 1161 in
786 1108 907 1183 sceptro
930 1098 1016 1162 Jovis
1041 1100 1125 1183 regio
1149 1099 1217 1161 est?
1241 1101 1327 1183 atqui

311 1216 421 1280 fulmen
447 1215 671 1299 exstinguitur,
697 1216 800 1299 acquila
819 1217 1009 1301 consopitur.
1045 1216 1094 1280 Sic
1115 1216 1240 1299 quidem
1261 1218 1325 1301 ipsc

311 1332 428 1419 Jupiter
463 1334 596 1397 laetatur
630 1332 748 1411 Musis,
785 1342 820 1397 ut
851 1334 1015 1398 submittat
1045 1334 1083 1397 iis
1113 1334 1326 1418 incantarique

311 1452 387 1514 sinat
417 1450 506 1534 signa
536 1472 610 1514 suae
639 1450 740 1534 regiae
769 1451 948 1535 potestatis:
979 1458 1071 1534 atqua
1099 1450 1206 1515 eodem
1231 1452 1322 1515 modo

311 1568 372 1651 ipse
402 1567 487 1631 Mars
520 1589 672 1631 armorum
704 1566 905 1632 obliviscitur.
955 1570 1057 1651 Atque
1089 1568 1147 1631 hoc
1178 1567 1267 1632 dulce
1296 1576 1327 1632 et

311 1684 482 1749 volentibus
504 1684 667 1769 imperium
693 1693 747 1749 est.
795 1684 883 1765 Quae
908 1708 978 1750 vero
997 1686 1109 1749 infesta
1127 1686 1195 1749 Diis
1215 1694 1246 1749 et
1265 1686 1328 1749 odi·

311 1824 360 1865 osa
387 1809 477 1880 sunt,
507 1802 586 1865 ferre
613 1823 674 1866 non
699 1810 829 1885 possunt
852 1802 937 1866 illam
961 1825 1065 1866 vocem
1089 1802 1143 1865 sed
1166 1802 1324 1887 fugantur.

350 1919 485 1983 Omnino
512 1920 540 1983 si
563 1919 621 1983 hoc
644 1918 712 1983 loco
735 1920 929 1983 meminimus
954 1919 1081 1984 Pindari
1104 1918 1142 1984 dc
1167 1920 1233 1984 Diis
1258 1944 1325 1984 sen·

309 2038 446 2117 tentiam,
472 2046 589 2123 quanto
612 2059 664 2101 eos
684 2038 838 2122 putaverit
855 2060 917 2101 non
937 2046 1059 2102 tantum
1079 2038 1215 2101 bumana
1233 2037 1326 2101 imbe-

309 2156 431 2220 cillitate
452 2157 639 2241 superiores,
661 2154 714 2218 sed
736 2156 827 2219 etiam
848 2178 940 2239 quam
957 2156 995 2219 ab
1011 2156 1164 2219 erroribus
1181 2155 1324 2237 vitiisque

309 2274 477 2351 immunes,
510 2281 687 2357 quantaque
715 2274 841 2337 veritate
866 2280 897 2336 et
915 2274 1052 2358 justitia,
1076 2295 1138 2337 non
1162 2296 1325 2358 possumus

309 2413 366 2456 non
396 2414 583 2477 magnopere
614 2390 759 2455 admirari
789 2399 928 2455 sanctum
959 2390 1102 2468 Poetam,
1128 2392 1181 2475 qui
1205 2398 1322 2454 tantam

310 2510 405 2574 voluit
436 2510 572 2574 musicae
603 2532 667 2573 esse
699 2532 770 2573 cum
800 2510 868 2573 Diis
899 2508 1173 2586 necessitudinem,
1206 2516 1324 2573 tantam

308 2628 382 2705 vim,
414 2635 538 2691 tantum
568 2636 724 2692 terrorem.
768 2626 900 2691 Videtur
931 2627 1047 2710 aliquid
1079 2635 1182 2691 mente
1205 2650 1323 2711 praece-

309 2745 384 2828 pisse
416 2745 585 2830 ejusmodi,
619 2768 680 2830 quo
711 2746 934 2831 significaretur
964 2746 1064 2809 omnis
1087 2754 1118 2809 et
1141 2745 1268 2809 rationis
1293 2753 1324 2808 et

308 2863 452 2927 orationis
484 2863 522 2926 ad
554 2863 657 2927 lumen
690 2864 825 2927 veritatis
856 2864 1031 2941 conversio,
1065 2886 1120 2927 nec
1152 2862 1322 2947 quidquam

307 2990 382 3044 asset
407 3004 480 3045 cum
504 2982 570 3066 ipso
594 2981 660 3045 Deo
684 2981 880 3065 conjunctius
904 3004 996 3065 quam
1021 2982 1131 3045 veritas
1154 3004 1211 3045 nec
1235 2980 1323 3065 quid-

307 3119 395 3180 quam
428 3098 488 3162 Dei
519 3096 659 3163 hostibus
691 3097 838 3163 odiosius
886 3098 1157 3178 Quemadmodum
1188 3099 1324 3163 Joannes

310 3215 477 3301 Apostolus
512 3216 650 3301 scripsit,
683 3217 784 3281 Deum
815 3228 879 3281 ess'e
910 3216 1034 3295 lumen,
1050 3218 1073 3301 1)
1105 3226 1135 3280 et
1165 3217 1325 3281 veritatem

310 3332 395 3397 nobis
431 3355 502 3397 curn
537 3332 603 3397 Deo
638 3356 831 3398 communem
868 3356 932 3399 esse
968 3334 1162 3419 oporterefl)
1197 3341 1228 3396 et
1258 3334 1325 3417 ipse

310 3449 450 3515 Christus
482 3452 577 3529 dixit,
610 3474 697 3516 suam
729 3474 831 3517 vocem
864 3452 901 3516 ab
929 3453 967 3515 iis
991 3452 1108 3530 audiri,
1133 3452 1187 3535 qui
1211 3474 1226 3513 e
1251 3450 1325 3514 veri·

309 3576 369 3632 tate
392 3568 503 3652 sint.³)

350 3684 563 3750 Clarissimum
594 3707 665 3750 vero
696 3686 813 3751 donum
844 3686 980 3750 Deorum
1009 3688 1047 3751 ad
1071 3687 1208 3772 ipsorum
1232 3686 1324 3749 etiarn

309 3802 453 3867 bonorem
485 3804 772 3887 venerationemque
803 3804 996 3868 referendum
1020 3812 1094 3867 erat.
1130 3802 1226 3867 Velut
1248 3802 1325 3866 Her-

308 3919 374 3985 cule
405 3922 437 3985 in
467 3920 553 3984 Jovis
585 3921 732 3985 honorem
762 3923 945 3985 instituente
972 3921 1138 3985 certamina
1160 3920 1322 4005 Olympia,

308 4058 395 4101 omne
426 4038 532 4102 lanum
564 4038 751 4123 implebatur
782 4046 893 4116 cantu,
922 4060 1002 4122 quae
1025 4046 1150 4102 secutus
1173 4038 1324 4123 principia

308 4154 457 4221 Pindarus
492 4158 525 4220 in
560 4158 695 4221 victoriis
730 4156 838 4221 Jovem
873 4157 993 4221 cecinit.
1009 4158 1036 4241 4)
1082 4158 1187 4239 Atque
1217 4164 1254 4219 ut
1285 4155 1323 4218 ad

340 4442 362 4501 l)
379 4445 465 4493 Joanrr.
483 4443 560 4507 Epist.
579 4446 601 4493 Ι.
622 4460 643 4493 a.
662 4445 684 4493 1.
702 4462 734 4494 as.
752 4447 776 4494 5.
876 4445 900 4505 2)
917 4443 974 4493 ibid.
991 4459 1011 4492 a.
1030 4442 1054 4493 2.
1071 4459 1103 4491 vr.
1122 4442 1145 4493 8.

340 4537 365 4597 8)
382 4540 468 4588 Joann.
487 4539 574 4602 anav.
592 4555 612 4589 ο.
632 4540 670 4589 la.
686 4556 718 4589 as.
737 4540 777 4592 87.
870 4542 896 4600 4)
916 4540 953 4589 01.
970 4540 1002 4588 Χ.
1018 4538 1058 4587 92.

1163 4632 1198 4689 5*
