3725 5542
837 752 901 813 265

359 954 440 1037 quod
466 952 606 1017 nonnulli
631 952 837 1028 arbitrantur,
862 949 966 1034 aliqua
989 951 1090 1015 ethica
1112 955 1265 1017 sententia
1280 954 1372 1037 signi·

358 1072 482 1148 fleatur,
506 1070 559 1135 sed
582 1070 636 1134 ille
659 1070 757 1147 nitor,
782 1069 834 1153 qni
863 1070 998 1133 cernitur
1020 1070 1136 1134 oeulisz
1160 1071 1198 1134 of.
1227 1071 1373 1147 αἰθόμενον

357 1197 414 1270 πῦρ
438 1212 481 1255 vs.
507 1193 537 1254 2.
583 1188 616 1253 Si
640 1194 795 1273 praeterea
819 1187 912 1273 hujus
936 1188 1064 1273 epitheti
1088 1211 1180 1253 eausa
1201 1188 1375 1273 quaerenda

358 1316 420 1387 est,
457 1308 597 1374 additum
629 1308 764 1386 videtur,
797 1307 871 1392 quia
902 1306 957 1370 illo
988 1305 1088 1372 lebete
1121 1307 1188 1371 Dea
1219 1306 1374 1371 utebatur.

359 1427 501 1493 Ceterum
525 1426 666 1491 similiter
689 1448 814 1512 prorsus
838 1426 935 1489 Poeta
962 1424 1013 1490 Ol.
1038 1424 1086 1489 IX
1110 1428 1153 1489 46
1177 1425 1313 1490 fabulam
1337 1425 1375 1490 de

360 1546 428 1611 Diis
456 1547 602 1633 proponit
624 1545 794 1610 seeundum
817 1544 1016 1609 traditionem
1041 1544 1196 1629 priorum,
1229 1552 1261 1609 et
1283 1544 1375 1629 paulo

361 1672 447 1749 post,
483 1686 527 1728 vs.
562 1666 624 1742 54,
648 1672 744 1730 semet
766 1664 868 1749 ipsum
891 1670 1013 1728 revocat
1035 1671 1067 1727 et
1089 1686 1154 1727 eam
1178 1661 1374 1730 traditionem

360 1784 467 1868 rejicit.

405 1905 458 1965 41.
498 1902 650 1983 intepuere.
690 1900 891 1987 Partieipium
915 1900 1090 1977 κεκαδμένον
1113 1897 1306 1963 referendum
1331 1905 1378 1961 est

362 2020 400 2083 ad
422 2044 478 2084 νινε
504 2019 683 2105 adjungitur
706 2019 734 2083 ei
757 2019 919 2104 participio
938 2019 1131 2083 aecusativus
1146 2012 1237 2094 ὦμον,
1261 2023 1376 2102 partem

362 2137 553 2223 significans,
578 2136 737 2222 eidemque
761 2137 922 2223 participio
939 2136 1064 2201 additur
1080 2136 1202 2200 dativus
1218 2134 1378 2216 ε’λέφκντνε

361 2255 501 2338 Φκνδομον
534 2256 726 2320 referendum
762 2264 808 2319 est
838 2256 877 2320 ad
907 2252 993 2333 ὦμον.
1048 2254 1197 2319 Similiter
1226 2254 1379 2319 Homerus

362 2373 505 2450 κνημῖδας
540 2374 717 2456 ἐπισφυρίοις
751 2373 908 2456 adpopulos,
944 2373 983 2437 Il.
1020 2373 1099 2438 XVI
1136 2376 1220 2437 132:
1269 2371 1378 2436 Aeseh.

364 2490 502 2576 Choeph.
537 2493 575 2555 ll
608 2492 748 2571 ὁμήγυρις
770 2488 894 2573 <adipson
917 2492 1124 2571 μελαγχίμοις
1149 2490 1316 2570 πρέπουσαι
1349 2494 1380 2551 et

363 2610 477 2675 ibidem
500 2633 544 2675 vs.
572 2612 622 2677 17.
658 2609 809 2695 Splendor
832 2616 935 2675 autem
958 2609 1078 2674 humeri
1099 2608 1160 2675 albi
1178 2608 1380 2694 pnloerrimus

363 2728 539 2815 saepissime
555 2730 593 2794 ab
610 2729 745 2815 antiquis
761 2728 945 2808 celebratur,
963 2727 1223 2814 quemadmodum
1237 2728 1380 2813 frequens

364 2846 446 2932 apud
469 2847 639 2912 Homerum
663 2856 709 2913 est
731 2849 904 2920 λευκώλενος
926 2848 1017 2930 Ἥρη,
1047 2856 1079 2912 et
1101 2847 1140 2912 ab
1163 2846 1295 2911 Horatio
1318 2847 1382 2911 lan-

364 2965 478 3029 dantur
508 2966 628 3031 humeri
658 2966 822 3031 candentes
853 2966 1027 3051 Apollinis,
1058 2964 1095 3030 L.
1127 2966 1144 3029 Ι
1176 2964 1236 3030 Od.
1268 2965 1381 3029 1131.

364 3082 517 3148 Pindarus
546 3092 665 3162 antem,
698 3106 795 3169 quum
823 3106 867 3148 vs.
894 3087 935 3148 58
960 3106 1045 3170 seqq.
1070 3083 1205 3148 fabulam
1230 3083 1267 3147 de
1291 3082 1383 3147 esede

365 3201 505 3288 Pelopis,
540 3224 602 3288 qua
636 3202 741 3267 fabula
774 3203 827 3268 ille
862 3202 1015 3269 eburneus
1050 3203 1195 3267 humerus
1230 3202 1381 3266 contineri

365 3320 521 3399 videatur,
545 3322 677 3407 rejiciat,
701 3322 805 3408 potnit
827 3330 930 3387 tamen
953 3322 1095 3387 candens
1118 3322 1211 3387 decus
1235 3322 1382 3386 retinere:

366 3462 552 3527 quamquam
586 3440 670 3505 hand
704 3440 852 3506 affirmare
883 3464 962 3528 opus
993 3450 1041 3507 est
1071 3440 1168 3518 illud,
1205 3440 1288 3526 qnod
1318 3442 1384 3526 ipse

366 3558 462 3623 Poeta
492 3557 710 3643 praetermisit:
744 3580 814 3622 uam
846 3559 905 3623 hoe
935 3567 1053 3623 eertum
1077 3567 1140 3638 est,
1165 3581 1236 3623 enm
1259 3581 1321 3623 nou
1345 3558 1384 3623 de

367 3675 488 3761 Pelopis
511 3676 609 3741 forma
632 3682 663 3740 et
685 3675 894 3760 pulcritudine
921 3676 1081 3742 detrahere
1106 3678 1249 3742 voluisse.

412 3796 465 3857 43.
513 3794 676 3857 Poetarum
707 3794 820 3873 ψεύδεα
851 3794 889 3858 ab
921 3794 1029 3858 odioso
1060 3796 1184 3859 nomine
1214 3803 1245 3858 et
1276 3793 1385 3857 afalsi

366 3910 430 3975 doli
459 3911 683 3996 significatione
709 3911 878 3996 separanda
904 3920 986 3977 sunt.
1032 3912 1113 3977 Sunt
1135 3914 1223 3977 fictae
1246 3936 1265 3977 a
1287 3912 1386 3997 poetis

366 4028 498 4095 fabulae.
548 4028 640 4114 Apud
665 4027 856 4109 Hesiodum,
881 4030 997 4116 Theog.
1023 4033 1084 4108 tl,
1109 4030 1193 4115 ipsae
1216 4030 1325 4094 Musae

477 4150 561 4227 ἴδμεν
582 4150 696 4229 ψεύδεα
719 4151 820 4215 πολλοὶ
842 4149 942 4229 λέγειν
964 4151 1109 4228 ἐτύμοισιν
1131 4152 1239 4226 ὁμοῖον,

479 4267 563 4346 ἴδμεν
586 4268 625 4351 δ’,
649 4265 710 4335 εὖτ’
733 4268 889 4348 ἐθέλωμεν,
914 4268 1026 4344 ἀληθέα
1049 4269 1243 4347 μυθήσκπθκν.

369 4388 472 4473 Ipsius
504 4387 630 4451 Homeri
654 4386 790 4473 appellat
814 4388 928 4466 ψεύδεκ
951 4386 1104 4452 Pindarus
1127 4384 1218 4450 Nem.
1243 4385 1308 4450 VII
1332 4388 1385 4449 32.

372 4507 413 4571 Ilt
435 4506 617 4571 Aristoteles
641 4506 808 4572 Homerum
830 4506 962 4571 manime
981 4507 1072 4570 etiam
1092 4505 1229 4590 reliquos
1246 4504 1386 4569 docuisse
