3725 5542
953 738 1017 800 360

485 938 638 1016 certene,
656 948 835 1005 cunctorum
852 940 980 1007 fascium
996 944 1143 1007 comitutu
1155 942 1377 1025 procedentem.
1400 940 1487 1003 Idem

486 1060 576 1126 Gnlb.
600 1060 677 1125 xlv
701 1037 755 1129 und
778 1064 857 1147 Φωπὶ
879 1068 980 1146 πολλῷ
1002 1068 1107 1146 προῄει.
1138 1064 1267 1128 Lucinn.
1290 1062 1373 1127 Dinl.
1397 1062 1488 1127 Deor.

485 1180 520 1244 11
552 1183 570 1243 2
603 1183 652 1246 ὑπ’
683 1186 764 1265 οιῦλῷ
793 1185 843 1250 mi
866 1186 1028 1263 τυμπάνοις
1050 1185 1177 1264 εὖροθμι
1198 1184 1295 1262 βοιῑνε.
1342 1182 1429 1248 Idem
1451 1181 1491 1247 de

486 1300 653 1368 Snltntione
679 1306 719 1368 16
741 1307 819 1386 χοροὶ
842 1306 1024 1377 συνελθόντες
1047 1306 1097 1369 ὑπ’
1121 1307 1202 1384 οιῦλῷ
1224 1305 1274 1368 καὶ
1296 1302 1406 1385 κιθάρᾳ.

529 1420 598 1487 Jam
622 1444 711 1508 porro
734 1423 830 1488 dativi
853 1421 949 1496 ἵπποις
972 1424 1094 1500 ἡμιόνοις
1116 1448 1150 1488 τε
1165 1422 1358 1503 μοναμπυκίᾳ
1372 1446 1407 1487 πε
1422 1443 1493 1485 con·

486 1542 586 1605 tinent
627 1542 856 1627 explicationem
897 1550 928 1607 et
965 1543 1053 1628 quasi
1091 1542 1314 1628 appositionem
1353 1540 1494 1605 vocabuli

485 1660 640 1735 οἱριίλλοις.
661 1663 776 1734 Ἵπποις
800 1662 990 1746 significetur
1013 1670 1166 1727 certamen
1191 1661 1424 1746 quadrigarum,
1447 1667 1494 1723 est

486 1780 567 1845 idem
599 1789 690 1864 atque
720 1782 864 1861 τεθρίππῳ
895 1782 943 1845 vel
973 1778 1102 1861 ἅρματι,
1135 1781 1234 1865 qnnlis
1264 1780 1391 1844 victorin
1421 1778 1496 1844 eele-

489 1900 595 1963 bmtnr
628 1898 678 1963 01.
713 1899 758 1963 Π.
803 1900 944 1977 Ἡριιὸνοις
979 1900 1167 1985 significatur
1201 1907 1354 1964 certamen
1383 1897 1495 1961 rhedae

490 2018 633 2095 mutaris,
668 2020 790 2093 ιὶπήνιρε.
836 2020 1038 2100 Μονοιμπυιιίρι
1072 2025 1118 2084 est
1151 2019 1233 2085 idem
1264 2017 1348 2105 qnod
1379 2017 1495 2093 κέλητι,

490 2158 569 2220 quoe
599 2137 659 2201 fnit
689 2138 816 2202 victorin
844 2136 1009 2217 Hieronis,
1041 2138 1192 2203 celebrato
1215 2136 1266 2202 Ol.
1290 2136 1324 2201 I:
1349 2143 1415 2202 eret
1436 2158 1498 2200 oer-

490 2264 591 2319 tnmen
626 2278 773 2339 equorum
808 2256 1018 2343 singulorum,
1049 2257 1103 2343 qui
1135 2256 1318 2341 regebantur
1348 2278 1367 2319 ο
1396 2254 1498 2341 pneris

491 2374 707 2439 insidentibus.

537 2493 628 2558 Festa
657 2494 822 2559 certamina
852 2501 920 2558 eote
943 2494 1037 2560 inisse
1061 2517 1114 2581 per
1137 2494 1273 2578 quinque
1295 2491 1379 2570 dies,
1403 2491 1501 2555 cerni·

494 2636 562 2679 mus
586 2637 621 2678 ex
645 2614 783 2701 epitheto
806 2614 1037 2694 πεμπαμέροις.
1061 2614 1100 2678 In
1124 2613 1240 2678 scholio
1264 2620 1365 2677 vetere
1387 2636 1499 2678 memo·

493 2740 577 2797 ratur
599 2741 720 2819 tempus
742 2733 821 2798 illud
845 2756 862 2796 a
886 2733 938 2798 die
960 2732 1123 2798 undecimo
1141 2733 1180 2796 ad
1196 2739 1316 2795 sextum
1332 2728 1498 2796 decimum:

492 2874 547 2935 pro
578 2860 664 2916 sexto
694 2852 812 2917 decimo
844 2858 890 2917 est
919 2853 951 2917 in
974 2852 1063 2917 Uret.
1089 2854 1116 2916 A
1139 2852 1267 2937 quintus
1290 2849 1443 2916 decimus:
1466 2850 1499 2914 in

489 2992 553 3034 uno
584 2969 701 3034 scholio
728 2970 895 3035 recentiore
918 2971 1045 3055 ponitur
1066 2971 1191 3035 initium
1214 2970 1264 3035 die
1287 2972 1399 3035 mensis
1422 2968 1501 3034 deci·

493 3110 560 3167 mo,
584 3089 653 3152 finit
677 3096 762 3153 sexto
786 3088 922 3167 decimo,
952 3111 1050 3174 eoque
1072 3088 1122 3153 die
1145 3089 1279 3174 proemia
1297 3079 1374 3152 ‘data
1395 3088 1499 3153 fuisse.

490 3206 528 3269 In
561 3204 678 3270 scholio
709 3204 747 3268 ed
778 3203 829 3269 01.
860 3204 913 3269 ΙΠ
944 3208 986 3269 83
1019 3213 1171 3271 certamen
1202 3206 1317 3271 dicitur
1343 3213 1499 3292 pernotum

492 3324 586 3389 inisse
616 3324 666 3389 dic
695 3324 787 3388 lunae
818 3332 904 3388 sexto
935 3325 1062 3390 decimo.
1109 3324 1220 3411 Neque
1250 3324 1327 3403 elin,
1351 3332 1501 3411 qnantum

494 3443 575 3521 scio,
603 3442 641 3506 de
662 3440 717 3506 illo
740 3440 884 3507 ludorum
907 3444 1006 3529 spatio
1029 3452 1129 3509 exstat
1151 3446 1333 3509 auctoritas:
1357 3428 1413 3508 nde
1435 3443 1501 3507 sine

496 3584 587 3626 censa
609 3560 781 3638 dubitatur,
805 3583 844 3625 nn
868 3570 1039 3646 postremus
1062 3563 1115 3627 ilie
1137 3562 1202 3628 dim
1224 3563 1427 3649 pmemiornm
1442 3560 1502 3626 dis·

493 3679 656 3744 tributioni
674 3678 843 3744 destinatus
860 3680 964 3746 fuerit.
987 3681 1139 3747 Videntur
1153 3682 1175 3747 J
1175 3682 1225 3748 oh.
1242 3683 1351 3748 Heinr.
1366 3681 1500 3757 Kmnse,

495 3797 655 3884 Olympia,
695 3796 768 3862 oder
802 3798 1003 3886 Derstellung
1036 3802 1091 3866 der
1124 3824 1249 3887 gromen
1283 3800 1500 3887 Olympisohen

495 3917 615 4003 Spiele,
640 3939 670 4001 p.
696 3917 736 3979 69
762 3922 792 3982 et
817 3919 892 3982 164.

543 4036 594 4098 16.
628 4035 674 4099 πὶν
696 4032 725 4098 at
747 4035 838 4107 κῦδος.
873 4034 1045 4121 Singulari,
1071 4046 1107 4102 nt
1127 4037 1221 4114 solet,
1246 4049 1276 4100 et
1291 4037 1402 4101 eximio
1417 4058 1503 4100 voce-

496 4153 639 4218 buiornm
673 4152 780 4217 decore
815 4160 908 4241 atque
942 4154 1063 4221 delectu
1099 4156 1195 4220 Poeta
1228 4156 1343 4219 utitur:
1377 4153 1501 4219 Numen

497 4270 653 4357 eppellnns
684 4270 771 4357 ponit
801 4273 927 4338 verbum
957 4274 1089 4351 ἀνέθηκε,
1123 4273 1206 4360 qnod
1238 4273 1331 4337 hebet
1362 4272 1501 4347 dicendi,

499 4389 695 4455 consecrandi
732 4389 1001 4473 significationem:
1041 4394 1132 4477 idque
1170 4391 1294 4457 Numen
1331 4413 1428 4475 quum
1461 4390 1502 4453 sit

499 4507 643 4596 Nympha
672 4508 823 4586 benefice,
854 4510 954 4588 κῦδος,
984 4511 1065 4597 quod
1090 4514 1116 4576 ei
1140 4511 1274 4589 dicetur,
1297 4509 1387 4588 ιὶβρὸν
1409 4506 1499 4573 dicit:
