3725 5542
1011 724 1052 784 72

520 923 659 1007 Ulyssem
693 924 791 987 Danai
822 922 1002 987 coluerunt:
1034 924 1134 985 aureis
1157 924 1317 988 fraudatus
1342 928 1420 1009 Ajax
1443 928 1535 991 armis

517 1048 645 1105 mortem
676 1041 803 1105 invenit.
851 1040 992 1103 Profecto
1023 1049 1126 1104 tamen
1157 1041 1241 1105 baud
1272 1065 1361 1127 pares
1391 1045 1473 1109 inter
1503 1069 1536 1108 se

516 1160 636 1222 fuerant
671 1159 798 1223 vulnera
832 1158 974 1222 hostibus
1010 1158 1223 1243 infringendo,
1255 1170 1431 1245 pugnantes
1463 1161 1536 1226 forti

517 1277 605 1341 basta
635 1286 665 1341 et
694 1278 773 1341 circa
796 1277 929 1340 occisum
954 1299 1058 1340 recens
1083 1276 1235 1340 Achillem
1260 1277 1345 1341 etin
1369 1280 1457 1343 tetris
1482 1279 1536 1343 ali·

515 1418 604 1459 orum
635 1394 743 1459 diebus
775 1394 924 1459 laborum.
972 1393 1108 1457 Odiosus
1144 1416 1242 1458 sermo
1270 1396 1335 1479 jam
1358 1397 1433 1459 olim
1457 1397 1534 1473 luit,

515 1512 740 1577 blandientium
772 1512 933 1575 verborum
965 1534 1084 1587 comes,
1115 1511 1188 1575 dolo
1218 1512 1365 1595 loquens,
1398 1513 1536 1577 malefica

515 1629 686 1694 calumnia:
711 1631 764 1713 qui
787 1630 868 1693 clara
890 1630 1019 1713 premit,
1043 1628 1244 1693 obscurorum
1268 1640 1361 1714 auget
1375 1630 1531 1714 putridam

515 1746 654 1831 gloriam.
693 1747 742 1810 Ne
766 1748 842 1811 mihi
865 1768 1004 1829 unquam
1026 1745 1096 1809 talis
1119 1768 1186 1810 mos
1209 1747 1268 1823 sit,
1289 1770 1308 1809 o
1323 1747 1461 1832 Jupiter,
1477 1748 1533 1813 sed

515 1864 578 1927 vias
609 1864 727 1948 capiam
759 1865 837 1928 vitae
868 1864 1040 1948 simplices,
1065 1871 1206 1928 mortuus
1230 1887 1268 1928 ne
1291 1865 1396 1929 liberis
1419 1866 1532 1930 malam

514 1980 624 2044 lamam
641 1980 804 2065 adfingant.
842 1982 963 2045 Aurum
980 1988 1160 2065 precantur,
1177 2004 1266 2065 agros
1283 1981 1334 2045 alii
1351 1983 1532 2060 immensos,

514 2120 570 2181 ego
594 2097 713 2161 civibus
735 2098 883 2182 probatus
907 2098 999 2162 etiam
1020 2108 1101 2161 terra
1115 2099 1252 2162 membra
1267 2107 1385 2183 tegam,
1402 2100 1532 2165 laudans

512 2214 682 2292 laudanda,
700 2216 839 2300 jurgium
859 2215 1020 2279 affundens
1040 2216 1205 2279 maleficiis.
1232 2217 1374 2301 Augetur
1393 2217 1478 2295 laus,
1495 2226 1532 2281 ut

513 2333 604 2398 viridi
616 2355 684 2397 rore
696 2334 796 2419 surgit
808 2334 906 2411 arbor,
918 2334 953 2397 in
964 2334 1154 2417 sapientibus
1167 2333 1326 2398 bominum
1338 2334 1419 2399 elata
1425 2336 1535 2420 justis·

513 2472 573 2535 que
586 2450 625 2513 ad
637 2450 767 2514 aethera.
794 2449 896 2535 Opera
907 2451 1008 2514 omnis
1019 2451 1139 2535 generis
1152 2452 1318 2516 amicorum
1330 2464 1391 2516 est:
1404 2453 1437 2516 in
1449 2452 1534 2516 labo·

511 2568 597 2633 ribus
621 2569 802 2655 praecipua:
818 2569 906 2654 cupit
921 2570 1014 2633 etiam
1029 2570 1179 2654 gaudium
1195 2571 1353 2635 veritatem
1369 2593 1481 2655 ponere
1496 2572 1530 2635 in

513 2684 621 2749 oculis
656 2684 763 2770 Mega,
788 2694 875 2750 tuam
897 2685 1043 2751 reducere
1065 2688 1198 2751 animam
1221 2709 1284 2751 uon
1307 2709 1365 2771 ego
1388 2710 1532 2772 possum

512 2803 567 2867 sed
597 2812 669 2868 tuae
701 2804 817 2888 patriae
850 2811 881 2868 et
906 2804 1068 2868 Chariadis
1091 2827 1237 2889 magnum
1261 2826 1374 2891 ponere
1396 2805 1531 2891 lapidem

513 2920 696 2983 musicum.”
710 2922 733 3003 ¹)
768 2920 810 2983 Et
829 2921 889 2985 alio
905 2922 997 2985 etiam
1013 2922 1082 2985 loco
1097 2923 1230 2986 incertos
1248 2944 1313 2985 asse
1328 2923 1531 2987 certaminum

512 3038 676 3120 litiumque
703 3036 793 3101 docet
820 3046 966 3115 eventus,
995 3038 1137 3123 dolisque
1159 3039 1345 3103 deteriorum
1370 3040 1531 3106 bominum

511 3154 676 3218 labefactos
701 3177 766 3219 esse
786 3156 941 3220 meliores:
959 3156 1043 3240 quod
1060 3157 1152 3220 etiam
1168 3158 1200 3221 in
1217 3159 1311 3242 Ajace
1326 3158 1460 3222 factum:
1476 3158 1530 3223 aed

512 3271 638 3335 Homeri
662 3294 754 3356 opera
777 3272 885 3337 datum
904 3274 932 3337 ei
948 3296 1014 3338 esse
1029 3282 1187 3338 aeternum
1204 3274 1332 3338 laudum
1350 3276 1533 3359 praemium.

511 3388 621 3465 „fllud
649 3390 730 3454 enim
755 3400 913 3455 aeternum
937 3412 1050 3456 sonans
1073 3391 1186 3469 currit,
1211 3392 1331 3475 siquis
1355 3392 1431 3476 quid
1453 3393 1533 3457 bene

513 3508 605 3583 dicit,
630 3514 661 3571 et
685 3531 737 3593 per
760 3510 940 3573 omniferam
964 3518 1076 3573 terram
1095 3518 1127 3574 et
1142 3532 1196 3594 per
1210 3532 1293 3574 mare
1308 3511 1405 3574 currit
1419 3511 1534 3575 facino·

511 3647 581 3688 rum
600 3625 654 3688 lux
671 3625 846 3710 pulcrorum
863 3648 963 3710 neque
979 3649 1117 3712 unquam
1133 3627 1409 3711 exstinguitur.’'⁹)
1444 3627 1529 3692 Hace

514 3744 674 3807 Musarum
702 3753 734 3808 et
756 3746 891 3809 veritatis
915 3746 1129 3809 immortalitas
1152 3754 1216 3823 est,
1241 3745 1316 3810 haec
1338 3746 1437 3830 ipsius
1460 3746 1532 3810 Pin·

512 3861 632 3925 daricae
663 3862 772 3927 Musae
803 3864 918 3941 virtus,
951 3886 1054 3928 rerum
1084 3885 1153 3928 vere
1180 3870 1212 3928 et
1234 3865 1325 3928 unice
1348 3886 1529 3949 semperque

511 3978 736 4043 laudandorum
772 3980 950 4045 laudatione
980 3991 1013 4046 et
1045 3981 1312 4047 commendatione
1343 3981 1528 4059 delectatae,

512 4096 671 4159 veritatem
695 4106 818 4161 secutae
842 4106 873 4161 et
896 4107 1054 4163 assecutae
1077 4099 1349 4163 immortalitatem.

547 4298 571 4355 ι)
595 4296 660 4345 nen.
689 4296 763 4344 VIII.
781 4296 888 4349 34-80.
921 4296 981 4345 Erat
997 4298 1081 4361 Megas
1097 4302 1167 4361 pater
1183 4298 1293 4359 Dinidia,
1311 4301 1351 4349 cui
1369 4302 1415 4350 boe
1432 4317 1529 4351 carmen

511 4388 627 4455 seriptum
645 4394 691 4439 cet.
788 4390 813 4451 2)
833 4390 894 4439 snt.
913 4392 958 4440 17.
976 4390 1082 4442 so-ta.

945 4522 1130 4533 —————.
