3725 5542
806 748 868 808 251

333 945 418 1029 origo
450 956 511 1021 est,
543 966 634 1008 curae
666 943 801 1020 hebetis,
834 943 956 1020 audite,
989 965 1096 1026 precor
1126 943 1217 1006 enim.
1264 940 1345 1005 Nam

333 1085 387 1147 per
408 1086 462 1127 vos
485 1062 637 1147 quidquid
657 1062 831 1148 jucundum
855 1069 886 1125 et
908 1060 999 1126 dulce
1022 1068 1069 1125 est
1092 1061 1212 1125 exsistit
1235 1067 1345 1123 morta-

332 1181 431 1245 libus:
467 1182 494 1246 si
529 1182 598 1267 quis
630 1181 721 1246 homo
752 1180 889 1265 sepiens,
925 1180 952 1243 si
982 1179 1151 1256 formosus,
1187 1180 1214 1242 si
1244 1178 1345 1243 clarus

332 1308 388 1362 est.
436 1298 545 1385 Neque
574 1299 655 1364 enim
679 1298 731 1363 Dii
755 1298 871 1382 absque
894 1297 1073 1363 venerandis
1097 1297 1214 1361 Gratiis
1237 1296 1345 1361 choros
1386 1300 1422 1361 10

332 1425 443 1502 regunt
473 1440 530 1483 nec
553 1417 676 1503 epulas:
710 1438 815 1481 verum
843 1416 983 1481 omnium
1006 1439 1107 1481 rernm
1131 1416 1346 1480 moderatrices

331 1534 363 1598 in
387 1534 519 1621 Olympo
535 1535 625 1620 juxta
640 1535 786 1620 Pythium
803 1556 895 1599 aureo
912 1556 985 1599 arcu
1000 1534 1151 1619 insignem
1168 1533 1344 1620 Apollinem

331 1652 414 1717 sellis
437 1653 546 1739 positis
570 1660 722 1718 aeternam
746 1653 900 1717 honorant
923 1652 1018 1738 patris
1041 1651 1177 1737 Olympii
1204 1652 1343 1737 gloriam.

376 1771 404 1834 O
429 1771 600 1837 veneranda
623 1771 749 1857 Aglaja,
782 1780 813 1835 et
836 1794 925 1887 quae!
939 1772 1074 1836 carmina
1096 1793 1179 1835 amas
1205 1770 1346 1855 Euphro
1382 1776 1424 1835 20

208 1965 212 1973 ¹
332 1913 422 1975 syne,
456 1891 592 1956 Deorum
619 1891 827 1977 potentissimi
850 1892 947 1969 tiliae,
975 1890 1081 1955 audite
1104 1913 1204 1969 nunc,
1229 1898 1260 1954 et
1286 1913 1348 1954 car·

332 2008 451 2073 minum
473 2008 611 2072 studiosa
625 2008 752 2087 Thalia,
777 2030 874 2093 quum
890 2007 974 2073 vides
990 2008 1074 2072 hunc
1090 2009 1203 2072 festum
1217 2008 1344 2073 chorum

331 2136 456 2211 propter
478 2126 598 2193 felicem
622 2136 734 2192 sortem
758 2128 817 2193 levi
841 2128 1032 2193 incedentem
1049 2127 1164 2212 gradu:
1189 2150 1259 2191 iiam
1277 2129 1346 2191 veni

331 2243 430 2329 Lydio
454 2244 546 2309 modo
566 2254 598 2311 et
615 2246 720 2312 studio
737 2270 847 2312 canens
865 2248 1072 2333 Asopichum:
1098 2246 1170 2331 quia
1185 2244 1348 2330 Olympiae

332 2362 490 2428 victoriam
514 2364 607 2429 habet
630 2364 766 2451 Minyeia
789 2376 914 2453 propter
937 2376 978 2431 te.
1023 2365 1154 2451 Nigram
1178 2387 1260 2430 nunc
1277 2365 1349 2429 Pro·

331 2482 470 2567 serpinae
486 2492 556 2567 pete
572 2482 715 2562 domum,
732 2484 833 2563 Echo,
851 2486 931 2570 patri
947 2487 1063 2550 clarum
1076 2485 1175 2549 ferens
1188 2484 1346 2561 nuncium,
1382 2486 1423 2547 30

332 2610 367 2664 ut
391 2600 497 2665 videns
520 2600 721 2667 Cleodamum
745 2604 846 2681 dicas,
870 2604 969 2668 filium
985 2604 1083 2690 ipsius
1099 2604 1138 2667 ad
1155 2604 1241 2667 sinus
1257 2602 1345 2666 Pisae

331 2718 481 2804 gloriosae
508 2721 677 2806 juvenilem
704 2744 865 2787 coronasse
889 2744 1007 2789 comam
1029 2723 1181 2787 clarorum
1205 2722 1263 2785 alis
1287 2742 1347 2785 cer·

332 2839 492 2903 taminum.
