3725 5542
957 735 1022 796 862

479 932 589 1015 juncta
610 955 679 997 oum
703 934 854 998 desiderio
877 946 904 999 et
929 936 1093 1021 cupidine,
1124 957 1186 1022 qua
1207 945 1372 1002 certatores
1396 939 1489 1000 victo·

483 1050 557 1115 mam
581 1061 766 1137 expeterent.
793 1053 909 1120 Vatum
932 1064 978 1119 eat
1000 1056 1160 1141 epitheton
1181 1056 1394 1134 amoenitatis,
1417 1078 1492 1142 quo·

483 1170 575 1235 modo
600 1170 751 1236 Homerus
776 1174 901 1253 Σχερίην
922 1176 1083 1252 ἐρατεινὴν,
1106 1174 1167 1239 Od.
1180 1173 1246 1239 VII
1266 1177 1320 1251 at,
1338 1182 1371 1238 et
1380 1174 1493 1239 similia

485 1290 670 1375 saepissime.

528 1411 581 1473 23.
615 1410 712 1475 οίείδει.
749 1409 832 1475 Dioit
861 1410 1033 1477 Scholiasta
1064 1420 1168 1489 vetus,
1198 1414 1231 1477 in
1253 1414 1325 1478 lano
1346 1413 1403 1479 illo
1424 1412 1493 1477 Pal·

484 1528 562 1592 ladis
585 1528 709 1592 solitum
732 1528 826 1593 tuisse
849 1529 962 1594 festum
985 1540 1110 1616 propter
1124 1531 1282 1596 victoriam
1297 1531 1347 1616 agi
1363 1538 1395 1596 et
1408 1532 1494 1616 hym·

484 1670 557 1713 num
577 1648 659 1711 uani:
681 1670 736 1711 nee
756 1648 847 1713 oredo
865 1656 990 1733 propter
1009 1650 1100 1715 aliam
1119 1672 1244 1715 eaumm
1262 1650 1322 1715 hoo
1339 1651 1383 1714 ita
1399 1650 1494 1735 serip-

483 1774 551 1831 tum
571 1789 649 1843 esse,
670 1766 729 1831 nisi
749 1766 833 1852 qnod
852 1766 995 1832 hocloco
1013 1768 1166 1833 Pindarus
1183 1768 1279 1846 dieat,
1296 1768 1492 1835 Psaumidem

483 1894 575 1949 oantu
607 1884 757 1951 celebrem
788 1886 891 1951 lucum
920 1886 1028 1951 illum:
1053 1886 1137 1952 haud
1159 1887 1293 1952 multum
1316 1886 1493 1973 hujusmodi

483 2006 716 2072 aolroliastarum
747 2008 930 2071 testimoniis
960 2007 1080 2073 tribuo:
1110 2007 1193 2072 haud
1216 2029 1290 2071 sane
1312 2006 1494 2092 quotidiana

483 2124 630 2210 quaedam
662 2124 868 2190 Camarinaeis
899 2126 962 2191 fuit
982 2127 1110 2193 victoria
1131 2126 1311 2212 Olympiae,
1334 2148 1390 2191 nee
1412 2132 1493 2191 oerte

483 2243 643 2329 quibusvis
667 2244 833 2310 victoribus
856 2244 1018 2311 Poetarum
1034 2246 1195 2331 praeeonia
1209 2245 1397 2331 obtigerunt.
1420 2244 1493 2310 Om-

483 2366 557 2429 nino
587 2386 603 2429 e
634 2364 733 2429 verbis
762 2363 888 2429 Pindari
921 2386 984 2429 uon
1007 2372 1151 2450 apparet,
1175 2365 1234 2429 hoo
1256 2387 1349 2429 auum
1371 2386 1491 2432 oarmen

484 2492 549 2547 tum
569 2484 599 2548 in
620 2483 691 2547 lueo
710 2482 844 2547 Palladis
860 2482 1060 2548 Camarinaeo
1075 2490 1231 2548 oautatnm
1247 2483 1353 2547 fuisse.
1378 2481 1491 2548 Verum

483 2600 570 2667 taoile
593 2600 791 2686 intelligitur,
818 2601 977 2677 victorem,
1001 2608 1089 2667 unta
1109 2601 1202 2667 laude
1224 2608 1325 2686 parta,
1348 2608 1379 2666 et
1396 2599 1491 2686 Nym

484 2720 575 2806 pham
608 2719 799 2785 camarinam
833 2728 864 2785 et
898 2719 1054 2785 Palladem
1088 2721 1205 2805 patriae
1236 2718 1409 2785 Praesidem
1440 2719 1491 2804 pia

481 2839 704 2925 ,supplicatione
735 2846 766 2904 et
795 2839 902 2923 gratiis
932 2837 1059 2921 agendis
1089 2838 1247 2903 adorasse:
1282 2837 1490 2903 adorationem

482 2964 582 3021 autem
613 2956 749 3021 Deorum
780 2956 862 3043 apud
894 2955 1027 3019 Graeoos
1057 2957 1187 3021 maxime
1213 2977 1284 3021 enm
1306 2963 1400 3019 cautu
1422 2977 1491 3022 oon·

478 3077 616 3161 junctam
636 3077 743 3153 luisse,
764 3084 794 3139 et
813 3098 850 3140 ex
870 3074 1011 3160 plurimis
1031 3074 1224 3139 documentis
1243 3075 1353 3160 etjam
1372 3096 1409 3138 ex
1427 3072 1492 3138 Ho·

482 3218 564 3261 mero
587 3195 787 3279 intelligitur,
813 3194 865 3260 ubi
884 3194 918 3258 iu
937 3192 1129 3258 eonciliando
1147 3192 1308 3278 Apolline,
1331 3192 1370 3257 ll.
1390 3192 1487 3258 Iota

569 3314 594 3377 ol
616 3314 645 3377 u
668 3312 835 3392 πανημέριοι
856 3321 958 3391 μολπῇ
980 3311 1041 3377 θεὸν
1063 3310 1217 3377 itionem

569 3432 659 3497 ιαλὸν
681 3432 823 3503 ἀείδοντες
846 3432 972 3506 autom
992 3436 1082 3510 κοῦροι
1104 3433 1236 3510 'Azotos

570 3551 731 3627 μέλποντες
753 3550 926 3631 Ἑκάεργον,
950 3548 965 3615 ὃ
987 3550 1016 3615 di
1037 3549 1131 3629 Φρίνιι
1152 3549 1269 3629 τέρπετ’
1290 3550 1408 3615 ἀκούειν.

482 3671 586 3755 Atque
610 3676 728 3755 praeter
751 3667 885 3733 Palladis
908 3668 1014 3733 lucum
1037 3668 1150 3734 diserte
1172 3668 1249 3732 dieit
1263 3667 1374 3745 Poeta,
1395 3666 1489 3731 Psau-

480 3788 592 3853 midem
615 3810 723 3853 canere
745 3789 837 3853 etiam
861 3786 991 3853 durium
1014 3784 1140 3851 Oanum
1162 3794 1193 3851 et
1215 3785 1366 3851 Paludem
1381 3784 1488 3850 Gama-

482 3909 578 3973 rinam
610 3908 751 3991 rivosque
785 3904 976 3991 Hipparidis.
1022 3904 1106 3990 Ergo
1136 3906 1181 3969 sio
1211 3905 1337 3970 omniuo
1366 3910 1487 3981 statuo,

481 4026 676 4091 Psaumidem
703 4034 733 4088 et
756 4024 914 4089 Palladem
937 4035 969 4088 et
992 4046 1141 4109 aquarum
1163 4023 1301 4088 Numina
1324 4022 1394 4087 urbi
1416 4012 1488 4086 suae

481 4146 684 4229 adjacentium
709 4143 879 4208 illustrasse
903 4144 969 4228 ipsa
991 4142 1120 4207 victoria
1142 4165 1198 4206 aua
1220 4150 1252 4206 et
1274 4140 1370 4225 gratis
1392 4140 1489 4205 dulei·

485 4265 604 4347 busque
637 4260 866 4327 laudationibus
898 4269 928 4325 et
959 4259 1102 4325 euntibus
1133 4260 1315 4324 honorasse:
1347 4258 1440 4343 idque
1470 4283 1489 4323 a

485 4382 618 4448 Pindaro
649 4403 824 4467 expressum
854 4402 937 4457 esse,
971 4380 1092 4463 pietatis
1118 4378 1293 4443 Psaumidis
1316 4377 1487 4443 laudandae

485 4524 593 4581 causa,
617 4510 646 4565 et
671 4508 794 4588 propter
811 4522 902 4564 suum
918 4521 990 4584 erga
1004 4498 1198 4563 Psaumidem
1213 4499 1341 4584 ejusque
1356 4497 1485 4584 patriam
