<?xml version="1.0" encoding="UTF-8"?>
<!DOCTYPE html PUBLIC "-//W3C//DTD XHTML 1.0 Transitional//EN"
    "http://www.w3.org/TR/xhtml1/DTD/xhtml1-transitional.dtd">
<html xmlns="http://www.w3.org/1999/xhtml" xml:lang="en" lang="en">
 <head>
  <title>
</title>
<meta http-equiv="Content-Type" content="text/html;charset=utf-8" />
  <meta name='ocr-system' content='tesseract 3.04.00' />
  <meta name='ocr-capabilities' content='ocr_page ocr_carea ocr_par ocr_line ocrx_word'/>
</head>
<body>
  <div class='ocr_page' id='page_1' title='image "./pindaricarminao01pindgoog_0322.png"; bbox 0 0 3725 5542; ppageno 0'>
   <div class='ocr_carea' id='block_1_1' title="bbox 973 691 1038 754">
    <p class='ocr_par' dir='ltr' id='par_1_1' title="bbox 973 691 1038 754">
     <span class='ocr_line' id='line_1_1' title="bbox 973 691 1038 754; baseline 0 -1"><span class='ocrx_word' id='word_1_1' title='bbox 973 691 1038 754; x_wconf 79' lang='lat' dir='ltr'><strong>aas</strong></span> 
     </span>
    </p>
   </div>
   <div class='ocr_carea' id='block_1_2' title="bbox 485 891 1502 3356">
    <p class='ocr_par' dir='ltr' id='par_1_2' title="bbox 494 891 1502 1075">
     <span class='ocr_line' id='line_1_2' title="bbox 494 891 1502 987; baseline 0.002 -30"><span class='ocrx_word' id='word_1_2' title='bbox 494 901 623 957; x_wconf 89' lang='lat' dir='ltr'><strong>mortem</strong></span> <span class='ocrx_word' id='word_1_3' title='bbox 646 891 745 956; x_wconf 89' lang='lat' dir='ltr'><strong>laudis</strong></span> <span class='ocrx_word' id='word_1_4' title='bbox 767 902 797 956; x_wconf 87' lang='lat' dir='ltr'><strong>et</strong></span> <span class='ocrx_word' id='word_1_5' title='bbox 817 892 971 957; x_wconf 73' lang='lat' dir='ltr'><strong>felicitatis</strong></span> <span class='ocrx_word' id='word_1_6' title='bbox 993 893 1138 978; x_wconf 73' lang='lat' dir='ltr'><strong>cogitatio</strong></span> <span class='ocrx_word' id='word_1_7' title='bbox 1155 916 1308 959; x_wconf 88' lang='lat' dir='ltr'><strong>summurn</strong></span> <span class='ocrx_word' id='word_1_8' title='bbox 1324 895 1502 987; x_wconf 70' lang='lat' dir='ltr'><strong>ipsadecns</strong></span> 
     </span>
     <span class='ocr_line' id='line_1_3' title="bbox 494 1010 622 1075; baseline 0 0"><span class='ocrx_word' id='word_1_9' title='bbox 494 1010 622 1075; x_wconf 87' lang='lat' dir='ltr'><strong>decebit.</strong></span> 
     </span>
    </p>

    <p class='ocr_par' dir='ltr' id='par_1_3' title="bbox 489 1128 1500 1311">
     <span class='ocr_line' id='line_1_4' title="bbox 541 1128 1500 1214; baseline 0.006 -23"><span class='ocrx_word' id='word_1_10' title='bbox 541 1132 612 1193; x_wconf 85' lang='grc'><strong>1115.</strong></span> <span class='ocrx_word' id='word_1_11' title='bbox 651 1128 742 1193; x_wconf 71' lang='grc' dir='ltr'><strong><em>ἐνθάδ’</em></strong></span> <span class='ocrx_word' id='word_1_12' title='bbox 777 1128 976 1214; x_wconf 83' lang='lat' dir='ltr'><strong>conjungitur</strong></span> <span class='ocrx_word' id='word_1_13' title='bbox 1010 1151 1079 1193; x_wconf 86' lang='lat' dir='ltr'><strong>curn</strong></span> <span class='ocrx_word' id='word_1_14' title='bbox 1113 1131 1267 1205; x_wconf 67' lang='lat' dir='ltr'><strong>tacturos,</strong></span> <span class='ocrx_word' id='word_1_15' title='bbox 1303 1132 1399 1196; x_wconf 72' lang='grc' dir='ltr'><strong><em>αὐτίκ’</em></strong></span> <span class='ocrx_word' id='word_1_16' title='bbox 1432 1154 1500 1196; x_wconf 87' lang='lat' dir='ltr'><strong>curn</strong></span> 
     </span>
     <span class='ocr_line' id='line_1_5' title="bbox 489 1246 598 1311; baseline 0 0"><span class='ocrx_word' id='word_1_17' title='bbox 489 1246 598 1311; x_wconf 69' lang='lat' dir='ltr'><strong>irruas.</strong></span> 
     </span>
    </p>

    <p class='ocr_par' dir='ltr' id='par_1_4' title="bbox 489 1363 1499 1921">
     <span class='ocr_line' id='line_1_6' title="bbox 532 1363 1498 1449; baseline 0.002 -20"><span class='ocrx_word' id='word_1_18' title='bbox 532 1365 715 1439; x_wconf 75' lang='grc' dir='ltr'><strong><em>ιὶπιὶλιιμνοι.</em></strong></span> <span class='ocrx_word' id='word_1_19' title='bbox 746 1363 920 1429; x_wconf 76' lang='lat' dir='ltr'><strong>Debilitatis</strong></span> <span class='ocrx_word' id='word_1_20' title='bbox 940 1372 972 1428; x_wconf 90' lang='lat' dir='ltr'><strong>et</strong></span> <span class='ocrx_word' id='word_1_21' title='bbox 988 1364 1115 1429; x_wconf 85' lang='lat' dir='ltr'><strong>inertiae</strong></span> <span class='ocrx_word' id='word_1_22' title='bbox 1135 1366 1386 1449; x_wconf 80' lang='lat' dir='ltr'><strong>significationem</strong></span> <span class='ocrx_word' id='word_1_23' title='bbox 1407 1366 1498 1431; x_wconf 83' lang='lat' dir='ltr'><strong>habet</strong></span> 
     </span>
     <span class='ocr_line' id='line_1_7' title="bbox 489 1484 1497 1570; baseline 0.001 -21"><span class='ocrx_word' id='word_1_24' title='bbox 489 1484 655 1570; x_wconf 87' lang='lat' dir='ltr'><strong>ejusmodi,</strong></span> <span class='ocrx_word' id='word_1_25' title='bbox 688 1506 766 1569; x_wconf 84' lang='lat' dir='ltr'><strong>quae</strong></span> <span class='ocrx_word' id='word_1_26' title='bbox 797 1506 866 1548; x_wconf 89' lang='lat' dir='ltr'><strong>cum</strong></span> <span class='ocrx_word' id='word_1_27' title='bbox 896 1484 1019 1548; x_wconf 90' lang='lat' dir='ltr'><strong>miseria</strong></span> <span class='ocrx_word' id='word_1_28' title='bbox 1051 1486 1215 1570; x_wconf 89' lang='lat' dir='ltr'><strong>conjuncta</strong></span> <span class='ocrx_word' id='word_1_29' title='bbox 1236 1486 1293 1548; x_wconf 91' lang='lat' dir='ltr'><strong>sit:</strong></span> <span class='ocrx_word' id='word_1_30' title='bbox 1323 1486 1351 1549; x_wconf 86' lang='lat' dir='ltr'><strong>si</strong></span> <span class='ocrx_word' id='word_1_31' title='bbox 1373 1486 1497 1569; x_wconf 88' lang='lat' dir='ltr'><strong>quidem</strong></span> 
     </span>
     <span class='ocr_line' id='line_1_8' title="bbox 489 1602 1499 1687; baseline 0.001 -20"><span class='ocrx_word' id='word_1_32' title='bbox 489 1604 606 1668; x_wconf 89' lang='lat' dir='ltr'><strong>consilii</strong></span> <span class='ocrx_word' id='word_1_33' title='bbox 642 1612 672 1667; x_wconf 89' lang='lat' dir='ltr'><strong>et</strong></span> <span class='ocrx_word' id='word_1_34' title='bbox 706 1602 889 1667; x_wconf 77' lang='lat' dir='ltr'><strong>defensionis</strong></span> <span class='ocrx_word' id='word_1_35' title='bbox 925 1602 1028 1687; x_wconf 91' lang='lat' dir='ltr'><strong>inopia</strong></span> <span class='ocrx_word' id='word_1_36' title='bbox 1065 1602 1237 1667; x_wconf 87' lang='lat' dir='ltr'><strong>miseranda</strong></span> <span class='ocrx_word' id='word_1_37' title='bbox 1270 1610 1326 1667; x_wconf 91' lang='lat' dir='ltr'><strong>est.</strong></span> <span class='ocrx_word' id='word_1_38' title='bbox 1382 1602 1499 1668; x_wconf 84' lang='lat' dir='ltr'><strong>Mortui</strong></span> 
     </span>
     <span class='ocr_line' id='line_1_9' title="bbox 489 1720 1496 1802; baseline 0.001 -17"><span class='ocrx_word' id='word_1_39' title='bbox 489 1722 609 1786; x_wconf 74' lang='lat' dir='ltr'><strong>&#39;Pardali</strong></span> <span class='ocrx_word' id='word_1_40' title='bbox 631 1722 695 1787; x_wconf 82' lang='lat' dir='ltr'><strong>vita</strong></span> <span class='ocrx_word' id='word_1_41' title='bbox 717 1721 830 1785; x_wconf 83' lang='lat' dir='ltr'><strong>dicitnr</strong></span> <span class='ocrx_word' id='word_1_42' title='bbox 851 1722 1016 1796; x_wconf 68' lang='grc' dir='ltr'><strong><em>ἀπᾶλιιμος</em></strong></span> <span class='ocrx_word' id='word_1_43' title='bbox 1038 1721 1117 1799; x_wconf 80' lang='grc' dir='ltr'><strong><em>βίος,</em></strong></span> <span class='ocrx_word' id='word_1_44' title='bbox 1141 1720 1192 1785; x_wconf 93' lang='grc'><strong>01.</strong></span> <span class='ocrx_word' id='word_1_45' title='bbox 1213 1721 1303 1785; x_wconf 83' lang='lat'>195.</span> <span class='ocrx_word' id='word_1_46' title='bbox 1341 1720 1496 1802; x_wconf 79' lang='lat' dir='ltr'><strong>Quodam·</strong></span> 
     </span>
     <span class='ocr_line' id='line_1_10' title="bbox 491 1838 1384 1921; baseline 0 -16"><span class='ocrx_word' id='word_1_47' title='bbox 491 1841 579 1905; x_wconf 89' lang='lat' dir='ltr'><strong>modo</strong></span> <span class='ocrx_word' id='word_1_48' title='bbox 602 1842 744 1905; x_wconf 84' lang='lat' dir='ltr'><strong>convenit</strong></span> <span class='ocrx_word' id='word_1_49' title='bbox 768 1838 965 1909; x_wconf 85' lang='lat' dir='ltr'><strong>Homericum</strong></span> <span class='ocrx_word' id='word_1_50' title='bbox 987 1842 1090 1905; x_wconf 77' lang='grc' dir='ltr'><strong><em>νεκύων</em></strong></span> <span class='ocrx_word' id='word_1_51' title='bbox 1111 1842 1242 1917; x_wconf 67' lang='grc' dir='ltr'><strong><em>ἀμενηνὰ</em></strong></span> <span class='ocrx_word' id='word_1_52' title='bbox 1264 1840 1384 1921; x_wconf 70' lang='grc' dir='ltr'><strong>κάρηνα.</strong></span> 
     </span>
    </p>

    <p class='ocr_par' dir='ltr' id='par_1_5' title="bbox 487 1956 1495 2509">
     <span class='ocr_line' id='line_1_11' title="bbox 538 1956 1493 2035; baseline 0.002 -14"><span class='ocrx_word' id='word_1_53' title='bbox 538 1960 608 2035; x_wconf 82' lang='grc'><strong>106.</strong></span> <span class='ocrx_word' id='word_1_54' title='bbox 647 1960 688 2023; x_wconf 74' lang='grc' dir='ltr'><strong>τὰ</strong></span> <span class='ocrx_word' id='word_1_55' title='bbox 710 1958 735 2023; x_wconf 88' lang='grc' dir='ltr'><strong>δ’</strong></span> <span class='ocrx_word' id='word_1_56' title='bbox 758 1960 795 2022; x_wconf 82' lang='grc' dir='ltr'><strong>ἓν.</strong></span> <span class='ocrx_word' id='word_1_57' title='bbox 832 1956 948 2022; x_wconf 85' lang='lat' dir='ltr'><strong>Eadem</strong></span> <span class='ocrx_word' id='word_1_58' title='bbox 975 1958 1126 2023; x_wconf 85' lang='lat' dir='ltr'><strong>sententia</strong></span> <span class='ocrx_word' id='word_1_59' title='bbox 1147 1960 1355 2024; x_wconf 88' lang='lat' dir='ltr'><strong>continuatur.</strong></span> <span class='ocrx_word' id='word_1_60' title='bbox 1390 1959 1493 2023; x_wconf 78' lang='grc' dir='ltr'><strong>Τὰὲν</strong></span> 
     </span>
     <span class='ocr_line' id='line_1_12' title="bbox 487 2076 1492 2163; baseline -0.001 -21"><span class='ocrx_word' id='word_1_61' title='bbox 487 2078 559 2159; x_wconf 74' lang='grc' dir='ltr'><strong>τᾷδε</strong></span> <span class='ocrx_word' id='word_1_62' title='bbox 593 2079 660 2150; x_wconf 84' lang='grc' dir='ltr'><strong><em>Διὸς</em></strong></span> <span class='ocrx_word' id='word_1_63' title='bbox 694 2080 777 2161; x_wconf 70' lang='grc' dir='ltr'><strong>ἀρχᾷ</strong></span> <span class='ocrx_word' id='word_1_64' title='bbox 811 2078 918 2157; x_wconf 63' lang='lat' dir='ltr'><strong>daupei</strong></span> <span class='ocrx_word' id='word_1_65' title='bbox 950 2085 1023 2141; x_wconf 88' lang='lat' dir='ltr'><strong>sunt</strong></span> <span class='ocrx_word' id='word_1_66' title='bbox 1052 2076 1166 2141; x_wconf 88' lang='lat' dir='ltr'><strong>scelera</strong></span> <span class='ocrx_word' id='word_1_67' title='bbox 1188 2100 1242 2163; x_wconf 89' lang='lat' dir='ltr'><strong>per</strong></span> <span class='ocrx_word' id='word_1_68' title='bbox 1264 2078 1355 2142; x_wconf 79' lang='lat' dir='ltr'><strong>vitam</strong></span> <span class='ocrx_word' id='word_1_69' title='bbox 1380 2078 1412 2141; x_wconf 91' lang='lat' dir='ltr'><strong>in</strong></span> <span class='ocrx_word' id='word_1_70' title='bbox 1435 2076 1492 2142; x_wconf 83' lang='lat' dir='ltr'><strong>hac</strong></span> 
     </span>
     <span class='ocr_line' id='line_1_13' title="bbox 488 2194 1495 2282; baseline 0.002 -23"><span class='ocrx_word' id='word_1_71' title='bbox 488 2204 567 2259; x_wconf 87' lang='lat' dir='ltr'><strong>terra</strong></span> <span class='ocrx_word' id='word_1_72' title='bbox 597 2196 765 2260; x_wconf 76' lang='lat' dir='ltr'><strong>commissa.</strong></span> <span class='ocrx_word' id='word_1_73' title='bbox 812 2194 899 2259; x_wconf 84' lang='lat' dir='ltr'><strong>Gonf.</strong></span> <span class='ocrx_word' id='word_1_74' title='bbox 931 2194 1021 2259; x_wconf 89' lang='lat' dir='ltr'><strong>Plato</strong></span> <span class='ocrx_word' id='word_1_75' title='bbox 1050 2195 1089 2259; x_wconf 90' lang='lat' dir='ltr'><strong>de</strong></span> <span class='ocrx_word' id='word_1_76' title='bbox 1119 2194 1193 2282; x_wconf 83' lang='lat' dir='ltr'><strong>Bep.</strong></span> <span class='ocrx_word' id='word_1_77' title='bbox 1224 2194 1443 2261; x_wconf 75' lang='grc'><strong>1,.13301)</strong></span> <span class='ocrx_word' id='word_1_78' title='bbox 1470 2197 1495 2261; x_wconf 87' lang='lat' dir='ltr'><strong>ci</strong></span> 
     </span>
     <span class='ocr_line' id='line_1_14' title="bbox 488 2313 1494 2395; baseline -0.001 -15"><span class='ocrx_word' id='word_1_79' title='bbox 488 2316 639 2393; x_wconf 68' lang='grc' dir='ltr'><strong><em>λεγόμενοι</em></strong></span> <span class='ocrx_word' id='word_1_80' title='bbox 669 2315 750 2391; x_wconf 75' lang='grc' dir='ltr'><strong><em>μῦθοι</em></strong></span> <span class='ocrx_word' id='word_1_81' title='bbox 781 2315 843 2395; x_wconf 74' lang='grc' dir='ltr'><strong>περὶ</strong></span> <span class='ocrx_word' id='word_1_82' title='bbox 873 2318 928 2379; x_wconf 68' lang='lat' dir='ltr'><strong>ecto</strong></span> <span class='ocrx_word' id='word_1_83' title='bbox 958 2316 989 2379; x_wconf 80' lang='grc' dir='ltr'><strong>ἐν</strong></span> <span class='ocrx_word' id='word_1_84' title='bbox 1008 2315 1125 2389; x_wconf 75' lang='grc' dir='ltr'><strong><em>Ἅιδαν,</em></strong></span> <span class='ocrx_word' id='word_1_85' title='bbox 1147 2317 1185 2387; x_wconf 74' lang='grc' dir='ltr'><strong>ὣς</strong></span> <span class='ocrx_word' id='word_1_86' title='bbox 1207 2315 1257 2379; x_wconf 71' lang='lat' dir='ltr'><strong>rba</strong></span> <span class='ocrx_word' id='word_1_87' title='bbox 1279 2314 1376 2379; x_wconf 69' lang='grc' dir='ltr'><strong><em>ἐνθάδε</em></strong></span> <span class='ocrx_word' id='word_1_88' title='bbox 1397 2313 1494 2386; x_wconf 67' lang='grc' dir='ltr'><strong><em>ἀδική-</em></strong></span> 
     </span>
     <span class='ocr_line' id='line_1_15' title="bbox 489 2432 965 2509; baseline -0.002 -12"><span class='ocrx_word' id='word_1_89' title='bbox 489 2458 584 2499; x_wconf 66' lang='grc' dir='ltr'><strong><em>σαντα</em></strong></span> <span class='ocrx_word' id='word_1_90' title='bbox 606 2434 651 2498; x_wconf 83' lang='grc' dir='ltr'><strong>δεῖ</strong></span> <span class='ocrx_word' id='word_1_91' title='bbox 670 2436 732 2499; x_wconf 78' lang='grc' dir='ltr'><strong>ἐκεῖ</strong></span> <span class='ocrx_word' id='word_1_92' title='bbox 751 2432 854 2498; x_wconf 71' lang='grc' dir='ltr'><strong><em>διδόναι</em></strong></span> <span class='ocrx_word' id='word_1_93' title='bbox 878 2434 965 2509; x_wconf 74' lang='grc' dir='ltr'><strong>δίκην.</strong></span> 
     </span>
    </p>

    <p class='ocr_par' dir='ltr' id='par_1_6' title="bbox 485 2550 1491 2982">
     <span class='ocr_line' id='line_1_16' title="bbox 536 2550 1490 2636; baseline -0.002 -21"><span class='ocrx_word' id='word_1_94' title='bbox 536 2554 607 2615; x_wconf 88' lang='lat'>108.</span> <span class='ocrx_word' id='word_1_95' title='bbox 641 2576 695 2624; x_wconf 77' lang='grc' dir='ltr'><strong>τις.</strong></span> <span class='ocrx_word' id='word_1_96' title='bbox 732 2551 873 2616; x_wconf 78' lang='lat' dir='ltr'><strong>Humane</strong></span> <span class='ocrx_word' id='word_1_97' title='bbox 896 2560 926 2615; x_wconf 86' lang='lat' dir='ltr'><strong>et</strong></span> <span class='ocrx_word' id='word_1_98' title='bbox 948 2551 1082 2616; x_wconf 84' lang='lat' dir='ltr'><strong>hnmano</strong></span> <span class='ocrx_word' id='word_1_99' title='bbox 1101 2550 1249 2615; x_wconf 86' lang='lat' dir='ltr'><strong>modestia</strong></span> <span class='ocrx_word' id='word_1_100' title='bbox 1267 2573 1286 2614; x_wconf 85' lang='lat' dir='ltr'><strong>n</strong></span> <span class='ocrx_word' id='word_1_101' title='bbox 1303 2550 1490 2636; x_wconf 68' lang='lat' dir='ltr'><strong>loquacitate</strong></span> 
     </span>
     <span class='ocr_line' id='line_1_17' title="bbox 488 2678 1491 2765; baseline 0 -23"><span class='ocrx_word' id='word_1_102' title='bbox 488 2678 524 2742; x_wconf 91' lang='lat' dir='ltr'><strong>de</strong></span> <span class='ocrx_word' id='word_1_103' title='bbox 554 2680 648 2743; x_wconf 84' lang='lat' dir='ltr'><strong>tantis</strong></span> <span class='ocrx_word' id='word_1_104' title='bbox 679 2679 769 2744; x_wconf 88' lang='lat' dir='ltr'><strong>rebus</strong></span> <span class='ocrx_word' id='word_1_105' title='bbox 800 2688 830 2744; x_wconf 88' lang='lat' dir='ltr'><strong>ct</strong></span> <span class='ocrx_word' id='word_1_106' title='bbox 858 2680 940 2744; x_wconf 86' lang='lat' dir='ltr'><strong>ultra</strong></span> <span class='ocrx_word' id='word_1_107' title='bbox 963 2681 1040 2744; x_wconf 82' lang='lat' dir='ltr'><strong>vitae</strong></span> <span class='ocrx_word' id='word_1_108' title='bbox 1062 2680 1227 2745; x_wconf 88' lang='lat' dir='ltr'><strong>terminum</strong></span> <span class='ocrx_word' id='word_1_109' title='bbox 1250 2679 1358 2765; x_wconf 87' lang='lat' dir='ltr'><strong>positis</strong></span> <span class='ocrx_word' id='word_1_110' title='bbox 1381 2679 1425 2743; x_wconf 80' lang='lat' dir='ltr'><strong>ita</strong></span> <span class='ocrx_word' id='word_1_111' title='bbox 1447 2702 1491 2742; x_wconf 91' lang='lat' dir='ltr'><strong>re·</strong></span> 
     </span>
     <span class='ocr_line' id='line_1_18' title="bbox 486 2797 1490 2884; baseline 0 -25"><span class='ocrx_word' id='word_1_112' title='bbox 486 2798 616 2876; x_wconf 74' lang='lat' dir='ltr'><strong>timetur,</strong></span> <span class='ocrx_word' id='word_1_113' title='bbox 649 2805 683 2861; x_wconf 89' lang='lat' dir='ltr'><strong>ut</strong></span> <span class='ocrx_word' id='word_1_114' title='bbox 714 2799 800 2884; x_wconf 87' lang='lat' dir='ltr'><strong>quasi</strong></span> <span class='ocrx_word' id='word_1_115' title='bbox 832 2799 975 2883; x_wconf 83' lang='lat' dir='ltr'><strong>ignorans</strong></span> <span class='ocrx_word' id='word_1_116' title='bbox 1002 2800 1105 2884; x_wconf 89' lang='lat' dir='ltr'><strong>ipsum</strong></span> <span class='ocrx_word' id='word_1_117' title='bbox 1123 2798 1238 2883; x_wconf 85' lang='lat' dir='ltr'><strong>judicis</strong></span> <span class='ocrx_word' id='word_1_118' title='bbox 1259 2819 1370 2862; x_wconf 88' lang='lat' dir='ltr'><strong>nomen</strong></span> <span class='ocrx_word' id='word_1_119' title='bbox 1393 2797 1490 2862; x_wconf 87' lang='lat' dir='ltr'><strong>sileat.</strong></span> 
     </span>
     <span class='ocr_line' id='line_1_19' title="bbox 485 2916 815 2982; baseline 0.009 -3"><span class='ocrx_word' id='word_1_120' title='bbox 485 2916 573 2980; x_wconf 83' lang='lat' dir='ltr'><strong>Cous.</strong></span> <span class='ocrx_word' id='word_1_121' title='bbox 600 2918 660 2982; x_wconf 86' lang='grc'><strong>111</strong></span> <span class='ocrx_word' id='word_1_122' title='bbox 685 2926 716 2981; x_wconf 87' lang='lat' dir='ltr'><strong>et</strong></span> <span class='ocrx_word' id='word_1_123' title='bbox 744 2920 815 2982; x_wconf 83' lang='lat'>149.</span> 
     </span>
    </p>

    <p class='ocr_par' dir='ltr' id='par_1_7' title="bbox 485 3034 1491 3356">
     <span class='ocr_line' id='line_1_20' title="bbox 529 3034 1491 3121; baseline -0.004 -20"><span class='ocrx_word' id='word_1_124' title='bbox 529 3036 621 3119; x_wconf 74' lang='grc' dir='ltr'><strong><em>ἐχθρᾷ</em></strong></span> <span class='ocrx_word' id='word_1_125' title='bbox 643 3036 783 3119; x_wconf 63' lang='grc' dir='ltr'><strong>ἀνάγκᾳ..</strong></span> <span class='ocrx_word' id='word_1_126' title='bbox 820 3039 885 3100; x_wconf 81' lang='lat' dir='ltr'><strong>Aut</strong></span> <span class='ocrx_word' id='word_1_127' title='bbox 915 3036 954 3099; x_wconf 92' lang='lat' dir='ltr'><strong>ad</strong></span> <span class='ocrx_word' id='word_1_128' title='bbox 982 3035 1116 3121; x_wconf 81' lang='lat' dir='ltr'><strong>judicem</strong></span> <span class='ocrx_word' id='word_1_129' title='bbox 1148 3034 1222 3097; x_wconf 88' lang='lat' dir='ltr'><strong>haec</strong></span> <span class='ocrx_word' id='word_1_130' title='bbox 1253 3034 1424 3119; x_wconf 85' lang='lat' dir='ltr'><strong>pertinent,</strong></span> <span class='ocrx_word' id='word_1_131' title='bbox 1455 3041 1491 3098; x_wconf 87' lang='lat' dir='ltr'><strong>ut</strong></span> 
     </span>
     <span class='ocr_line' id='line_1_21' title="bbox 485 3151 1490 3241; baseline -0.003 -23"><span class='ocrx_word' id='word_1_132' title='bbox 485 3154 572 3218; x_wconf 83' lang='lat' dir='ltr'><strong>malit</strong></span> <span class='ocrx_word' id='word_1_133' title='bbox 600 3154 772 3233; x_wconf 82' lang='lat' dir='ltr'><strong>absolvere,</strong></span> <span class='ocrx_word' id='word_1_134' title='bbox 805 3155 829 3218; x_wconf 85' lang='lat' dir='ltr'><strong>si</strong></span> <span class='ocrx_word' id='word_1_135' title='bbox 862 3154 975 3241; x_wconf 82' lang='lat' dir='ltr'><strong>possit,</strong></span> <span class='ocrx_word' id='word_1_136' title='bbox 1006 3153 1058 3217; x_wconf 83' lang='lat' dir='ltr'><strong>sed</strong></span> <span class='ocrx_word' id='word_1_137' title='bbox 1088 3153 1176 3239; x_wconf 88' lang='lat' dir='ltr'><strong>quasi</strong></span> <span class='ocrx_word' id='word_1_138' title='bbox 1197 3161 1325 3237; x_wconf 78' lang='lat' dir='ltr'><strong>cogatur</strong></span> <span class='ocrx_word' id='word_1_139' title='bbox 1348 3151 1386 3216; x_wconf 85' lang='lat' dir='ltr'><strong>ad</strong></span> <span class='ocrx_word' id='word_1_140' title='bbox 1409 3152 1490 3215; x_wconf 90' lang='lat' dir='ltr'><strong>dam·</strong></span> 
     </span>
     <span class='ocr_line' id='line_1_22' title="bbox 485 3269 1489 3356; baseline -0.002 -21"><span class='ocrx_word' id='word_1_141' title='bbox 485 3272 636 3336; x_wconf 89' lang='lat' dir='ltr'><strong>nandum:</strong></span> <span class='ocrx_word' id='word_1_142' title='bbox 665 3272 778 3337; x_wconf 83' lang='lat' dir='ltr'><strong>autad</strong></span> <span class='ocrx_word' id='word_1_143' title='bbox 803 3295 886 3351; x_wconf 88' lang='lat' dir='ltr'><strong>reos,</strong></span> <span class='ocrx_word' id='word_1_144' title='bbox 910 3272 1023 3356; x_wconf 90' lang='lat' dir='ltr'><strong>quibus</strong></span> <span class='ocrx_word' id='word_1_145' title='bbox 1046 3271 1199 3335; x_wconf 82' lang='lat' dir='ltr'><strong>sententio</strong></span> <span class='ocrx_word' id='word_1_146' title='bbox 1216 3270 1331 3355; x_wconf 86' lang='lat' dir='ltr'><strong>judicis</strong></span> <span class='ocrx_word' id='word_1_147' title='bbox 1354 3269 1489 3334; x_wconf 83' lang='lat' dir='ltr'><strong>odiosam</strong></span> 
     </span>
    </p>
   </div>
   <div class='ocr_carea' id='block_1_3' title="bbox 483 3388 1490 3575">
    <p class='ocr_par' dir='ltr' id='par_1_8' title="bbox 483 3388 1490 3575">
     <span class='ocr_line' id='line_1_23' title="bbox 486 3388 1490 3477; baseline -0.002 -22"><span class='ocrx_word' id='word_1_148' title='bbox 486 3414 597 3476; x_wconf 88' lang='lat' dir='ltr'><strong>poenae</strong></span> <span class='ocrx_word' id='word_1_149' title='bbox 617 3394 826 3457; x_wconf 86' lang='lat' dir='ltr'><strong>necessitatem</strong></span> <span class='ocrx_word' id='word_1_150' title='bbox 843 3392 989 3477; x_wconf 80' lang='lat' dir='ltr'><strong>imponet.</strong></span> <span class='ocrx_word' id='word_1_151' title='bbox 1017 3390 1173 3455; x_wconf 78' lang='lat' dir='ltr'><strong>Posterius</strong></span> <span class='ocrx_word' id='word_1_152' title='bbox 1189 3413 1292 3454; x_wconf 82' lang='lat' dir='ltr'><strong>verum</strong></span> <span class='ocrx_word' id='word_1_153' title='bbox 1309 3412 1374 3454; x_wconf 78' lang='lat' dir='ltr'><strong>esse</strong></span> <span class='ocrx_word' id='word_1_154' title='bbox 1388 3388 1490 3453; x_wconf 88' lang='lat' dir='ltr'><strong>credo.</strong></span> 
     </span>
     <span class='ocr_line' id='line_1_24' title="bbox 483 3509 697 3575; baseline 0.009 -2"><span class='ocrx_word' id='word_1_155' title='bbox 483 3509 531 3575; x_wconf 84' lang='lat' dir='ltr'><strong>Of.</strong></span> <span class='ocrx_word' id='word_1_156' title='bbox 556 3534 598 3575; x_wconf 87' lang='lat' dir='ltr'><strong>vs.</strong></span> <span class='ocrx_word' id='word_1_157' title='bbox 626 3513 697 3575; x_wconf 83' lang='lat'>122.</span> 
     </span>
    </p>
   </div>
   <div class='ocr_carea' id='block_1_4' title="bbox 480 3625 1491 4540">
    <p class='ocr_par' dir='ltr' id='par_1_9' title="bbox 481 3625 1491 4171">
     <span class='ocr_line' id='line_1_25' title="bbox 531 3625 1489 3713; baseline -0.005 -18"><span class='ocrx_word' id='word_1_158' title='bbox 531 3633 603 3695; x_wconf 93' lang='grc'><strong>111.</strong></span> <span class='ocrx_word' id='word_1_159' title='bbox 638 3631 832 3709; x_wconf 68' lang='grc' dir='ltr'><strong>ἀπονέστερον.</strong></span> <span class='ocrx_word' id='word_1_160' title='bbox 868 3627 916 3693; x_wconf 86' lang='lat' dir='ltr'><strong>cf.</strong></span> <span class='ocrx_word' id='word_1_161' title='bbox 940 3652 1018 3713; x_wconf 91' lang='lat' dir='ltr'><strong>quae</strong></span> <span class='ocrx_word' id='word_1_162' title='bbox 1041 3627 1255 3693; x_wconf 74' lang='lat' dir='ltr'><strong>annotavimus</strong></span> <span class='ocrx_word' id='word_1_163' title='bbox 1277 3626 1317 3691; x_wconf 89' lang='lat' dir='ltr'><strong>ad</strong></span> <span class='ocrx_word' id='word_1_164' title='bbox 1332 3625 1382 3691; x_wconf 90' lang='lat'><strong>01.</strong></span> <span class='ocrx_word' id='word_1_165' title='bbox 1398 3626 1416 3691; x_wconf 92' lang='grc' dir='ltr'>Ι</span> <span class='ocrx_word' id='word_1_166' title='bbox 1435 3630 1489 3690; x_wconf 87' lang='grc'><strong>99.</strong></span> 
     </span>
     <span class='ocr_line' id='line_1_26' title="bbox 483 3745 1490 3835; baseline -0.002 -25"><span class='ocrx_word' id='word_1_167' title='bbox 483 3747 724 3832; x_wconf 69' lang='lat' dir='ltr'><strong>duplicationem</strong></span> <span class='ocrx_word' id='word_1_168' title='bbox 755 3758 856 3812; x_wconf 84' lang='lat' dir='ltr'><strong>autem</strong></span> <span class='ocrx_word' id='word_1_169' title='bbox 888 3746 919 3811; x_wconf 92' lang='lat' dir='ltr'><strong>id</strong></span> <span class='ocrx_word' id='word_1_170' title='bbox 951 3746 1135 3831; x_wconf 84' lang='lat' dir='ltr'><strong>adjectivum</strong></span> <span class='ocrx_word' id='word_1_171' title='bbox 1162 3745 1257 3835; x_wconf 82' lang='lat' dir='ltr'><strong>habet</strong></span> <span class='ocrx_word' id='word_1_172' title='bbox 1278 3767 1315 3809; x_wconf 81' lang='lat' dir='ltr'><strong>ex</strong></span> <span class='ocrx_word' id='word_1_173' title='bbox 1337 3767 1490 3831; x_wconf 82' lang='lat' dir='ltr'><strong>comparo-</strong></span> 
     </span>
     <span class='ocr_line' id='line_1_27' title="bbox 482 3837 1491 3950; baseline -0.002 -21"><span class='ocrx_word' id='word_1_174' title='bbox 482 3867 564 3929; x_wconf 86' lang='lat' dir='ltr'><strong>tione</strong></span> <span class='ocrx_word' id='word_1_175' title='bbox 595 3865 750 3945; x_wconf 89' lang='lat' dir='ltr'><strong>laborum,</strong></span> <span class='ocrx_word' id='word_1_176' title='bbox 783 3866 896 3950; x_wconf 87' lang='lat' dir='ltr'><strong>quibus</strong></span> <span class='ocrx_word' id='word_1_177' title='bbox 926 3837 1070 3929; x_wconf 82' lang='lat' dir='ltr'><strong>rnortnles</strong></span> <span class='ocrx_word' id='word_1_178' title='bbox 1102 3886 1174 3949; x_wconf 82' lang='lat' dir='ltr'><strong>agro</strong></span> <span class='ocrx_word' id='word_1_179' title='bbox 1205 3862 1332 3928; x_wconf 88' lang='lat' dir='ltr'><strong>colendo</strong></span> <span class='ocrx_word' id='word_1_180' title='bbox 1355 3872 1386 3928; x_wconf 87' lang='lat' dir='ltr'><strong>et</strong></span> <span class='ocrx_word' id='word_1_181' title='bbox 1408 3863 1491 3927; x_wconf 84' lang='lat' dir='ltr'><strong>navi·</strong></span> 
     </span>
     <span class='ocr_line' id='line_1_28' title="bbox 482 3982 1487 4070; baseline 0 -21"><span class='ocrx_word' id='word_1_182' title='bbox 482 3985 582 4070; x_wconf 86' lang='lat' dir='ltr'><strong>gando</strong></span> <span class='ocrx_word' id='word_1_183' title='bbox 613 3987 786 4059; x_wconf 67' lang='lat' dir='ltr'><strong>victrinis</strong></span> <span class='ocrx_word' id='word_1_184' title='bbox 817 3984 979 4050; x_wconf 88' lang='lat' dir='ltr'><strong>sufficienti</strong></span> <span class='ocrx_word' id='word_1_185' title='bbox 1005 3984 1178 4070; x_wconf 86' lang='lat' dir='ltr'><strong>prospicere</strong></span> <span class='ocrx_word' id='word_1_186' title='bbox 1200 3992 1361 4068; x_wconf 80' lang='lat' dir='ltr'><strong>coguntur.</strong></span> <span class='ocrx_word' id='word_1_187' title='bbox 1408 3982 1487 4049; x_wconf 87' lang='lat' dir='ltr'><strong>Gom</strong></span> 
     </span>
     <span class='ocr_line' id='line_1_29' title="bbox 481 4102 961 4171; baseline 0 -4"><span class='ocrx_word' id='word_1_188' title='bbox 481 4104 614 4167; x_wconf 86' lang='lat' dir='ltr'><strong>dictione</strong></span> <span class='ocrx_word' id='word_1_189' title='bbox 638 4104 675 4169; x_wconf 86' lang='lat' dir='ltr'><strong>cf.</strong></span> <span class='ocrx_word' id='word_1_190' title='bbox 701 4102 814 4168; x_wconf 85' lang='lat' dir='ltr'><strong>Herod.</strong></span> <span class='ocrx_word' id='word_1_191' title='bbox 839 4104 883 4171; x_wconf 91' lang='grc' dir='ltr'><strong>Π.</strong></span> <span class='ocrx_word' id='word_1_192' title='bbox 910 4106 961 4168; x_wconf 81' lang='lat'><strong>14.</strong></span> 
     </span>
    </p>

    <p class='ocr_par' dir='ltr' id='par_1_10' title="bbox 480 4220 1486 4540">
     <span class='ocr_line' id='line_1_30' title="bbox 528 4220 1486 4307; baseline 0 -22"><span class='ocrx_word' id='word_1_193' title='bbox 528 4224 600 4285; x_wconf 84' lang='lat'>118.</span> <span class='ocrx_word' id='word_1_194' title='bbox 635 4222 739 4297; x_wconf 75' lang='grc' dir='ltr'><strong><em>τιμίοις</em></strong></span> <span class='ocrx_word' id='word_1_195' title='bbox 762 4224 836 4289; x_wconf 76' lang='grc' dir='ltr'><strong>θεῶν.</strong></span> <span class='ocrx_word' id='word_1_196' title='bbox 873 4222 1053 4287; x_wconf 81' lang='lat' dir='ltr'><strong>Karstenius</strong></span> <span class='ocrx_word' id='word_1_197' title='bbox 1077 4220 1225 4307; x_wconf 84' lang='lat' dir='ltr'><strong>intelligit</strong></span> <span class='ocrx_word' id='word_1_198' title='bbox 1248 4242 1317 4296; x_wconf 85' lang='lat' dir='ltr'><strong>eos,</strong></span> <span class='ocrx_word' id='word_1_199' title='bbox 1341 4220 1395 4305; x_wconf 89' lang='lat' dir='ltr'><strong>qui</strong></span> <span class='ocrx_word' id='word_1_200' title='bbox 1416 4220 1486 4285; x_wconf 89' lang='lat' dir='ltr'><strong>Diis</strong></span> 
     </span>
     <span class='ocr_line' id='line_1_31' title="bbox 482 4338 1486 4423; baseline -0.001 -18"><span class='ocrx_word' id='word_1_201' title='bbox 482 4340 622 4406; x_wconf 87' lang='lat' dir='ltr'><strong>honorati</strong></span> <span class='ocrx_word' id='word_1_202' title='bbox 652 4342 730 4417; x_wconf 88' lang='lat' dir='ltr'><strong>sint,</strong></span> <span class='ocrx_word' id='word_1_203' title='bbox 763 4342 783 4405; x_wconf 95' lang='lat' dir='ltr'><strong>i.</strong></span> <span class='ocrx_word' id='word_1_204' title='bbox 808 4364 833 4404; x_wconf 92' lang='lat' dir='ltr'><strong>e.</strong></span> <span class='ocrx_word' id='word_1_205' title='bbox 867 4340 981 4405; x_wconf 84' lang='lat' dir='ltr'><strong>beatos.</strong></span> <span class='ocrx_word' id='word_1_206' title='bbox 1029 4342 1127 4404; x_wconf 79' lang='lat' dir='ltr'><strong>Acute</strong></span> <span class='ocrx_word' id='word_1_207' title='bbox 1157 4339 1326 4423; x_wconf 82' lang='lat' dir='ltr'><strong>genitivum</strong></span> <span class='ocrx_word' id='word_1_208' title='bbox 1348 4338 1486 4404; x_wconf 79' lang='lat' dir='ltr'><strong>defendit</strong></span> 
     </span>
     <span class='ocr_line' id='line_1_32' title="bbox 480 4456 1484 4540; baseline -0.002 -17"><span class='ocrx_word' id='word_1_209' title='bbox 480 4459 548 4523; x_wconf 89' lang='lat' dir='ltr'><strong>ioco</strong></span> <span class='ocrx_word' id='word_1_210' title='bbox 580 4460 702 4523; x_wconf 84' lang='lat' dir='ltr'><strong>Hornen&#39;</strong></span> <span class='ocrx_word' id='word_1_211' title='bbox 737 4458 841 4525; x_wconf 71' lang='grc' dir='ltr'><strong><em>πότνια</em></strong></span> <span class='ocrx_word' id='word_1_212' title='bbox 875 4462 975 4540; x_wconf 69' lang='grc' dir='ltr'><strong><em>θηρῶν,</em></strong></span> <span class='ocrx_word' id='word_1_213' title='bbox 1011 4458 1050 4523; x_wconf 85' lang='lat' dir='ltr'><strong>Ii.</strong></span> <span class='ocrx_word' id='word_1_214' title='bbox 1081 4458 1159 4523; x_wconf 87' lang='lat' dir='ltr'><strong>XXI</strong></span> <span class='ocrx_word' id='word_1_215' title='bbox 1190 4459 1265 4522; x_wconf 78' lang='lat'>470.</span> <span class='ocrx_word' id='word_1_216' title='bbox 1311 4456 1484 4523; x_wconf 79' lang='lat' dir='ltr'><strong>Boeckhius</strong></span> 
     </span>
    </p>
   </div>
   <div class='ocr_carea' id='block_1_5' title="bbox 0 0 1868 5542">
    <p class='ocr_par' dir='ltr' id='par_1_11' title="bbox 0 0 1868 5542">
     <span class='ocr_line' id='line_1_33' title="bbox 0 0 1868 5542; baseline 0 3"><span class='ocrx_word' id='word_1_217' title='bbox 0 0 1868 5542; x_wconf 95' lang='lat' dir='ltr'><strong> </strong></span> 
     </span>
    </p>
   </div>
  </div>
 </body>
</html>
