3725 5542
849 694 911 754 311

373 892 475 957 codem
501 894 643 972 fortasse,
668 917 852 979 quamquam
877 895 907 958 iu
931 893 992 958 alia
1015 895 1157 979 regione,
1182 917 1293 960 nomen
1319 921 1381 982 per·

372 1011 449 1075 tinet
479 1012 544 1095 cjus
573 1012 686 1076 montis
709 1013 739 1076 in
763 1012 944 1077 occidentali
973 1014 1094 1077 Africae
1117 1036 1187 1091 ora,
1212 1015 1265 1097 qui
1289 1015 1380 1079 hodic

372 1128 478 1213 Sagres
502 1130 688 1217 appellatur,
720 1154 814 1215 quum
839 1131 1011 1215 antiquitus
1040 1138 1118 1196 Θεῶν
1141 1130 1247 1212 dgnus
1270 1132 1381 1197 dicere-

372 1255 437 1311 tur:
470 1248 632 1313 Hannonis
662 1249 772 1334 Peripl.
798 1249 832 1315 C.
859 1252 894 1313 8:
920 1248 961 1313 Cf
980 1250 1009 1313 J.
1035 1249 1076 1313 H.
1102 1250 1206 1314 Kroon
1230 1252 1261 1314 iu
1290 1275 1381 1316 anuo

373 1367 485 1431 tatione
508 1366 547 1431 ad
570 1390 640 1431 eum
664 1368 774 1433 locum.
822 1372 925 1453 Atque
948 1370 982 1432 in
1005 1370 1137 1432 transitu
1160 1392 1377 1447 commemoro,

372 1492 450 1550 Θεῶν
482 1488 628 1566 ὀχήματα
661 1486 808 1571 appellari
843 1488 873 1551 iu
898 1508 933 1551 co
961 1487 1087 1563 itinere,
1120 1510 1182 1570 quo
1204 1487 1310 1551 Jovem
1334 1490 1377 1553 dii

372 1614 542 1687 sequuntur
565 1606 823 1689 praestantissima
842 1606 1096 1690 contemplaturi,
1119 1605 1201 1691 apud
1221 1606 1379 1670 Platonem

371 1724 402 1789 iu
426 1723 579 1801 Phaedro,
606 1728 685 1803 247,
710 1726 739 1790 b.
787 1728 829 1789 At
853 1748 923 1789 vero
947 1725 1035 1789 nobis
1054 1726 1118 1810 jam
1134 1735 1282 1789 terrarum
1298 1725 1378 1788 orbis

370 1843 413 1906 ita
437 1843 657 1928 pervestigatus
682 1852 726 1908 est
750 1851 782 1909 ct
805 1844 964 1929 cognitus,
992 1853 1026 1908 ut
1048 1844 1187 1909 felicitati
1211 1866 1319 1907 aureae
1347 1846 1379 1907 in

370 1983 406 2025 eo
437 1961 541 2026 nullus
571 1962 656 2026 locus
688 1985 752 2027 esse
784 1963 937 2027 videatur:
970 1985 1062 2047 quam
1085 1985 1196 2047 quum,
1221 1963 1308 2026 terris
1331 1986 1379 2026 ex·

370 2080 499 2158 clusam,
532 2088 632 2145 tameu
663 2081 785 2146 cuidam
814 2083 879 2145 loco
912 2082 1089 2147 adstrictam
1120 2083 1253 2167 cogitare
1277 2084 1378 2167 cupia-

370 2220 455 2275 mus,
476 2200 538 2283 jam
563 2222 624 2265 non
647 2201 751 2264 oceani
775 2200 907 2278 insulsa,
933 2199 986 2264 sed
1002 2211 1084 2263 astra
1098 2200 1176 2264 coeli
1191 2202 1377 2284 respicimus.

421 2322 489 2383 129.
525 2324 619 2391 νᾶσος.
655 2320 803 2404 Exempla
829 2320 991 2385 attulimus
1007 2320 1039 2383 in
1055 2321 1136 2382 uotis
1152 2319 1284 2382 criticis:
1309 2341 1379 2383 con·

369 2438 483 2501 feratur
517 2438 607 2501 etiam
641 2437 812 2515 Hesiodus,
848 2436 896 2501 Sc.
933 2435 973 2500 H.
1010 2439 1074 2500 320
1109 2436 1152 2500 rol
1184 2437 1208 2499 δ’
1229 2437 1379 2507 ὠκύποδας

369 2556 465 2634 λαγὸς
489 2555 578 2639 ᾕρευν.

418 2680 489 2741 134.
520 2674 589 2756 ὕδωρ
607 2676 632 2739 d’
651 2676 734 2741 ἄλλοι
750 2676 862 2759 φέρβει.
895 2674 968 2739 Non
984 2675 1072 2737 llores
1088 2674 1197 2774 marini
1213 2673 1376 2757 significari

371 2794 529 2871 videntur,
554 2816 659 2857 rerum
682 2794 714 2858 iu
738 2794 811 2879 ipsis
834 2794 908 2878 ripis
933 2793 1084 2857 florentes.

420 2915 490 2977 136.
525 2912 690 2992 στεφάνως.
723 2912 797 2976 Fere
820 2912 882 2989 illi,
907 2912 959 2995 qui
983 2911 1062 2975 hanc
1086 2910 1267 2994 scripturam
1290 2916 1376 2973 tuen·

372 3042 438 3109 tur,
471 3031 509 3094 ad
539 3030 722 3096 vocabulum
750 3029 905 3112 στεφάνοις
928 3028 1163 3113 intelligendum
1186 3034 1299 3112 putant
1321 3029 1376 3098 τὰς

371 3149 518 3232 κεφαλάς.
565 3148 629 3213 Nec
660 3148 747 3213 valde
781 3170 895 3233 pugno.
942 3146 984 3210 ut
1014 3155 1116 3212 tamen
1146 3146 1254 3223 credo,
1287 3144 1377 3209 verbo

371 3270 547 3333 ἀναπλέκων
573 3267 632 3329 hoc
662 3266 729 3331 loco
752 3289 811 3330 nou
837 3266 1001 3350 significari
1030 3266 1128 3351 ipsam
1153 3263 1299 3340 ornandi,
1324 3261 1376 3326 sed

374 3388 553 3453 redimiendi
576 3410 708 3473 operam.
745 3386 899 3464 Fortasse,
924 3386 951 3449 si
966 3391 1180 3467 στεφανοῦνται
1196 3381 1400 3467 significare-⁸

373 3518 438 3585 tur,
467 3514 501 3569 ut
523 3505 590 3570 vult
612 3506 775 3570 scholiasta
797 3514 901 3583 vetus,
925 3504 1074 3589 scriptum
1098 3503 1176 3565 foret
1199 3502 1375 3565 ἀναπλέκον-

293 3676 300 3699 ,
372 3651 429 3691 aar.
462 3624 592 3691 Videtur
614 3626 709 3711 igitur
729 3624 909 3710 decerpendi
928 3624 1017 3687 flores
1036 3631 1066 3686 et
1086 3620 1285 3685 connectendi
1304 3641 1378 3705 gau·

373 3745 457 3811 dium
481 3744 653 3830 significari.

421 3868 492 3929 138.
528 3864 599 3929 Non
625 3887 660 3929 ea
682 3864 748 3928 loca
763 3863 913 3927 cernimus
929 3883 1040 3925 nomen
1058 3856 1267 3924 tautummodo
1284 3856 1376 3921 Croni

374 3984 531 4060 habuisse,
563 4006 618 4048 uec
649 3981 782 4045 Cronum
806 3981 848 4045 ibi
872 3980 1070 4056 dormivisse,
1095 3986 1131 4041 ut
1153 3959 1234 4062 apud
1259 3976 1377 4039 Plutar-

373 4102 465 4168 chum
496 4101 627 4167 traditur
655 4101 687 4164 in
711 4122 745 4164 ca
773 4100 945 4176 mentione,
977 4120 1068 4181 quam
1092 4096 1130 4161 ad
1154 4120 1188 4159 vs
1216 4097 1275 4157 126
1300 4117 1379 4157 com·

375 4221 553 4287 memoravi:
586 4220 638 4285 sed
669 4221 733 4304 ipse
765 4218 883 4283 Oronus
906 4225 1026 4303 praeest
1048 4217 1204 4283 beatorum
1229 4213 1377 4277 felicitati.

375 4340 440 4405 Nec
474 4338 727 4426 praetereundum
762 4348 825 4417 est,
860 4337 1014 4424 quomodo
1049 4335 1131 4421 apud
1163 4334 1322 4399 Platonem
1345 4332 1376 4394 iu

376 4461 483 4525 itinere
514 4458 637 4523 coelesti
665 4459 730 4543 ipsa
756 4459 894 4556 justitiae
925 4467 956 4522 et
986 4456 1120 4520 veriatis
1143 4453 1287 4518 laudatur
1310 4472 1379 4513 cou-
