3725 5542
821 708 884 772 273

353 908 392 970 79

440 1024 488 1087 τὸν
510 1023 564 1099 μὲν
588 1024 633 1101 ἄρ’
656 1026 824 1105 Εὐρύπυλος
847 1027 1008 1103 Εὐαίμονος
1031 1027 1150 1105 άγλοιος
1173 1027 1231 1099 οἷὸς

441 1140 640 1221 madalfrido
662 1144 822 1220 ostrow·
838 1143 1062 1225 μεταδρομάδην
1084 1145 1168 1209 ἔλοπ’
1191 1142 1284 1223 ὦμον·

355 1261 416 1322 146

440 1376 489 1441 πὸν
511 1375 537 1441 δ’
559 1376 651 1456 ἕτερον
673 1376 757 1461 ξίφεϊ
778 1381 905 1461 μεγάλῳ
927 1379 1039 1453 atella
1061 1383 1132 1461 παρ’
1156 1376 1232 1458 άριον

441 1492 531 1570 πλοῖά
541 1517 548 1533 ·
712 1482 722 1493 ’

353 1610 399 1675 VI
424 1614 464 1675 63

621 1728 670 1794 τὸν
692 1729 722 1795 δὲ
744 1730 839 1807 κρεάων
861 1730 1063 1810 Ἀγαμέμνων

486 1842 559 1911 οὗτοι
580 1846 662 1911 ιιοιπά
685 1847 830 1925 λιιπάρνν.

398 1963 435 2027 In
460 1962 606 2049 Stephani
631 1964 789 2029 Thesauro
812 1963 952 2050 Linguae
979 1966 1131 2042 Graecae,
1157 1965 1292 2031 editione
1315 1967 1368 2031 lli-

355 2082 495 2159 dotiana‚
529 2082 699 2148 afferuntur
721 2106 777 2169 pro
801 2084 948 2169 exemplis
971 2085 1100 2170 genitivi
1128 2086 1220 2151 verbo
1243 2086 1372 2163 βάλλειν

355 2199 491 2285 adjuncti
514 2200 576 2265 duo
601 2201 668 2265 loca
691 2203 796 2279 Arati,
821 2224 954 2288 quorum
977 2203 1055 2267 alter
1078 2212 1124 2267 est
1149 2205 1214 2268 574

467 2317 554 2397 ἤριισν
578 2319 632 2397 μέν
654 2345 703 2385 κεν
725 2320 791 2386 ἴδοιο
814 2322 966 2403 ρεπήορον,
992 2319 1081 2400 ἥμισυ
1104 2320 1129 2385 δ’
1153 2321 1204 2396 ἤδη

467 2436 610 2518 ἐσχατιαὶ
634 2437 781 2515 βάλλουσι
805 2439 1022 2519 ιιοιπερχοριὲνον
1045 2437 1226 2519 Σπεφάνοιο·

356 2576 418 2638 quo
440 2553 509 2618 loco
532 2563 636 2619 tamen
660 2578 730 2620 eum
749 2556 919 2641 genitivum
941 2554 1118 2621 absolutum
1135 2578 1200 2620 esse
1216 2556 1375 2633 existimo,

357 2680 387 2735 et
418 2673 461 2736 sio
484 2672 687 2759 interpretor:
720 2673 879 2741 dimidiam
906 2681 1026 2761 partem
1054 2673 1152 2738 Piscis
1176 2674 1279 2739 videre
1302 2673 1375 2739 licet

357 2791 535 2870 sublimem,
561 2792 720 2857 dimidiam
743 2815 814 2858 vcro
827 2794 890 2878 jam
907 2802 1042 2857 extrema
1053 2793 1193 2877 jaciunt,
1217 2792 1375 2857 occidente

356 2908 492 2973 Corona:
529 2912 672 2992 ἕσχιιτιιιὶ
709 2918 782 2977 sunt
812 2911 923 2990 δύσεις,
960 2910 1130 2976 secundum
1161 2910 1376 2975 Scholiastam.

357 3027 445 3093 Alter
469 3036 516 3093 est
541 3031 604 3094 609

670 3150 756 3226 μένα
779 3156 863 3226 caea
886 3148 999 3223 Βοώτνι

468 3266 564 3347 άάράος
587 3265 723 3332 άνπέλλει
746 3266 947 3345 βεβολημένος
970 3265 1168 3348 Ἀρκτούροιο·

358 3380 441 3468 quod
465 3382 509 3445 ita
535 3382 726 3468 explicatur,
763 3389 797 3446 ut
822 3382 936 3447 Bootes
959 3382 1129 3445 Arcturum
1153 3384 1376 3464 consequatur:

358 3521 420 3563 non
443 3507 540 3565 recte:
568 3501 720 3565 Arcturus
744 3522 807 3565 non
824 3507 871 3565 est
886 3507 972 3565 extra
986 3499 1125 3576 Booten,
1146 3497 1200 3562 sed
1217 3505 1263 3561 est
1278 3496 1376 3582 ipsius

359 3618 474 3683 Bootae
491 3626 607 3682 astrum
624 3619 754 3683 maxime
770 3618 990 3705 conspicuum,
1006 3625 1043 3682 ut
1059 3617 1150 3681 docet
1164 3618 1279 3680 Aratus
1294 3615 1374 3679 idem

361 3740 413 3800 95.
462 3735 577 3802 Verum
609 3746 690 3801 recte
721 3736 894 3802 Scholiasta
917 3737 949 3801 id
975 3735 1102 3801 verbum
1124 3733 1258 3819 explicat
1280 3756 1376 3799 ιιιιτιι·

359 3854 550 3931 λαμπόμενος
573 3856 614 3935 τῷ
638 3854 816 3937 Ἀριιπούρρι,
839 3854 977 3919 radiatus
1001 3854 1146 3917 Arcturo.
1179 3850 1280 3916 Semel
1303 3871 1375 3936 ergo

361 3972 418 4035 hoc
453 3972 594 4051 verbum,
630 3980 662 4036 at
695 3974 793 4037 forma
824 3980 853 4036 et
884 3971 1109 4056 significatione
1140 3971 1274 4055 passiva,
1307 3992 1374 4033 cum

360 4092 496 4175 genitivo
519 4092 557 4155 ab
582 4094 678 4157 Arato
703 4092 846 4177 ponitur:
871 4091 965 4156 semel
988 4112 1058 4155 oum
1083 4089 1185 4154 dativo
1210 4091 1274 4153 330

743 4213 760 4286 ἡ
784 4208 815 4276 δέ
836 4212 860 4276 οἱ
884 4208 958 4290 άιιρνρ

539 4330 637 4411 άππὲρι
660 4330 813 4409 βέβλνπνιι
836 4328 909 4404 δεινὴ
933 4329 1030 4407 γένος.

361 4446 487 4531 Saepius
512 4447 576 4511 sine
592 4470 682 4524 casu,
710 4451 796 4527 174,
821 4450 905 4525 311,
931 4450 1014 4523 358,
1039 4448 1122 4522 371,
1149 4447 1223 4507 492.
1261 4442 1376 4506 Verum

1215 4566 1252 4623 18
