3725 5542
990 680 1012 741 4

490 898 587 961 quum
599 876 783 940 clarissimae
795 878 834 941 de
846 877 983 941 barbaris
995 885 1165 963 reportatae
1177 902 1196 943 a
1207 880 1333 945 Graecis
1345 880 1506 958 victoriae,

488 1018 527 1059 ne
551 996 583 1057 in
606 994 792 1059 oblivionem
816 994 954 1073 abirent,
980 995 1130 1059 Herodoti
1152 997 1239 1061 libris
1262 998 1326 1061 sint
1347 998 1505 1083 proditae,

488 1110 640 1175 Pindarus
673 1120 775 1175 autem
806 1134 929 1189 eorum,
954 1114 1008 1196 qui
1032 1112 1178 1176 ludorum
1200 1114 1390 1178 solemnibus
1413 1124 1508 1179 certa

486 1232 621 1294 minibus
644 1231 796 1307 vicerant,
820 1229 928 1294 laudes
945 1240 976 1293 et
991 1232 1117 1294 nomina
1132 1232 1319 1316 sempiterno
1335 1233 1505 1296 carminum

485 1370 612 1411 suorum
635 1348 772 1411 encomio
795 1348 1000 1423 decoraverit,
1024 1347 1056 1410 in
1080 1347 1225 1412 laudibus
1250 1348 1397 1413 Graeciae
1409 1349 1502 1432 longe

487 1466 755 1550 praestantissimis
779 1466 958 1529 enarrandis
982 1473 1134 1529 versatum
1150 1488 1216 1531 esse
1232 1465 1371 1530 videmus
1388 1475 1506 1530 utrum-

486 1604 555 1666 qne.
604 1581 728 1646 Habent
758 1604 848 1667 porro
873 1582 964 1647 ambo
988 1583 1063 1646 haee
1085 1583 1164 1659 duo,
1188 1590 1225 1646 ut
1248 1591 1280 1646 et
1301 1584 1351 1668 pie
1373 1583 1413 1645 de
1436 1583 1504 1646 Diis

485 1714 516 1762 et
546 1699 585 1762 de
615 1699 708 1763 rebus
740 1700 917 1764 mortalium
948 1701 1086 1765 modeste
1116 1700 1268 1764 sentiant:
1293 1722 1356 1784 qua
1378 1701 1504 1784 quidem

484 1814 576 1879 laude
600 1838 679 1899 quae
703 1824 805 1900 potest
827 1840 893 1881 esse
915 1816 1046 1881 melior?

530 1930 590 1995 Sed
622 1940 657 1995 ut
687 1942 773 2009 tum,
805 1956 900 2017 quum
933 1932 971 1996 de
1004 1933 1162 1997 Herodoto
1193 1933 1419 2009 scribebamus,
1443 1934 1504 1998 sin·

482 2050 622 2133 gularem
645 2052 677 2114 in
701 2072 737 2114 eo
754 2052 913 2135 posuimus
930 2074 1072 2136 operam,
1089 2052 1219 2135 nequid
1236 2053 1264 2115 ei
1279 2051 1500 2128 tribueremus,

484 2166 569 2249 quod
599 2189 661 2230 non
686 2176 766 2231 esset
789 2167 827 2231 ab
850 2168 917 2253 ipso
941 2170 1129 2253 proiectum:
1153 2169 1197 2232 sie
1219 2168 1300 2232 idem
1323 2190 1397 2232 sane
1419 2189 1502 2232 nuno

482 2292 636 2367 praestare
666 2283 878 2362 studebimus,
911 2295 947 2350 ut
976 2287 1127 2371 integram
1158 2308 1347 2370 exponamus
1375 2285 1501 2349 Pindari

482 2401 675 2465 sententiam.
723 2400 824 2484 quue
850 2404 969 2466 nonin
993 2403 1208 2487 disquisitione
1231 2410 1353 2466 tantum
1376 2410 1499 2478 nostra,

481 2517 534 2580 sed
559 2519 590 2581 in
615 2518 682 2603 ipso
706 2517 798 2581 etiam
821 2520 888 2603 ejus
911 2519 1004 2582 titulo
1027 2520 1176 2582 continuo
1195 2518 1328 2603 intelligi
1344 2517 1498 2581 volumus.

482 2631 563 2697 Nam
580 2656 678 2717 quum
689 2636 722 2697 in
739 2636 894 2719 prooemio
909 2645 1033 2699 nostrae
1048 2636 1087 2699 de
1103 2635 1262 2699 Herodoto
1274 2635 1499 2719 disquisitionis

481 2750 772 2835 significaverimus,
807 2775 870 2818 nou
904 2754 1056 2817 contineri
1090 2754 1248 2818 historiam
1283 2752 1496 2837 philosophiae

479 2875 631 2932 sectarum
664 2870 810 2946 historia,
842 2892 897 2934 nec
928 2870 1135 2956 sejungendos
1165 2871 1204 2935 ab
1227 2893 1263 2933 ea
1285 2891 1352 2933 esse
1375 2877 1498 2954 potitus,

479 2983 659 3061 historicos,
692 3007 726 3049 ao
758 2986 853 3050 luisse
884 2996 916 3049 et
946 2996 1017 3051 ante
1048 2998 1147 3051 sectas
1178 2994 1210 3050 et
1240 2994 1327 3050 extra
1356 3008 1406 3049 eas
1434 2985 1501 3070 phi-

478 3099 669 3184 losophiam:
694 3103 823 3166 miretur
846 3103 1018 3187 quispiam,
1042 3126 1099 3167 eur
1113 3104 1171 3167 visi
1185 3113 1254 3167 tum
1269 3103 1367 3166 aimus
1382 3102 1499 3165 efficere

478 3226 515 3281 ut
547 3219 741 3285 Herodotum
773 3222 804 3285 in
837 3222 1092 3306 philosophorum
1115 3221 1244 3285 chorum
1267 3220 1497 3297 induceremus,

477 3358 562 3400 nuno
585 3359 656 3400 vero
679 3358 742 3401 non
766 3338 879 3422 pariter
902 3338 987 3401 hunc
1003 3338 1116 3402 librum
1133 3338 1303 3401 scribamus
1318 3336 1357 3399 de
1371 3335 1497 3400 Pindari

476 3453 682 3537 philosophia.
728 3452 795 3518 Nec
819 3456 975 3540 prolecto,
1000 3456 1054 3538 qui
1071 3462 1237 3540 cognoscat
1251 3453 1412 3517 historiam
1429 3453 1497 3536 phi-

472 3570 650 3654 losophiae,
675 3570 843 3637 Pindarum
868 3572 957 3637 laoile
980 3573 1160 3656 neglexerit.
1205 3570 1428 3635 Verumtamen
1443 3569 1495 3633 hie

472 3686 551 3750 liber
589 3688 655 3772 ipse
692 3689 796 3773 potius
835 3689 1016 3753 scribendus
1051 3711 1116 3752 esse
1154 3686 1317 3751 videbatur
1350 3686 1390 3751 de
1424 3685 1496 3750 Pin·

474 3802 539 3867 dari
568 3805 728 3888 sapientia
771 3805 851 3870 Nam
875 3806 1055 3870 Herodotus
1076 3802 1264 3889 inquirendo
1292 3804 1340 3867 vel
1364 3805 1495 3868 maxime

473 3919 543 3983 talis
575 3921 652 3999 luit,
684 3923 807 4006 qualem
838 3946 904 3987 esse
935 3922 1156 4008 philosophum
1184 3920 1375 4006 Pythagoras
1402 3920 1497 4005 sigui·

367 4074 376 4085 .
474 4036 593 4100 ficavit:
628 4038 683 4122 qui
714 4038 827 4104 Leonti
856 4040 993 4104 Phliasia
1024 4040 1201 4124 quaerenti,
1233 4040 1362 4123 quinam
1392 4046 1495 4101 esseut

473 4150 649 4239 philosophi
680 4164 711 4219 et
742 4157 818 4240 quid
848 4158 929 4222 inter
958 4179 1011 4221 eos
1034 4166 1066 4222 et
1087 4156 1224 4240 reliquos
1245 4156 1424 4232 interesset,
1447 4176 1494 4217 re·

473 4270 633 4352 spondisse
661 4273 775 4350 fertur,
800 4274 931 4338 similem
954 4275 1014 4339 sibi
1038 4275 1134 4339 videri
1157 4275 1252 4339 vitam
1276 4272 1436 4337 hominum
1459 4278 1491 4335 et

474 4397 640 4453 mercatum
664 4412 753 4468 eum,
778 4392 832 4475 qui
851 4391 1015 4457 haberetur
1030 4393 1163 4457 maximo
1178 4391 1324 4456 ludorum
1339 4395 1490 4474 apparatu
