3725 5542
1027 718 1067 777 60

540 922 632 999 atque
662 938 680 978 a
706 914 850 999 superbia
876 927 1015 979 avertens
1038 923 1069 979 et
1093 937 1112 977 n
1133 915 1231 979 stulta
1253 938 1355 981 rerum
1379 918 1551 984 absentium

539 1030 702 1114 cupidine,
726 1032 859 1115 deniqne
882 1032 1103 1097 continentium
1128 1033 1362 1111 sommendans,
1387 1058 1467 1119 quae
1489 1058 1551 1101 non

538 1148 641 1212 minna
665 1150 801 1233 profecto
824 1171 917 1233 qnsm
941 1149 1045 1213 Stoica
1066 1149 1231 1235 disciplina
1254 1162 1361 1235 postea
1384 1152 1481 1218 faeere
1501 1176 1554 1238 po

539 1266 600 1328 tuit
623 1264 661 1328 ad
685 1266 810 1330 decoras
834 1266 969 1331 actiones
992 1266 1173 1351 impelleret.

584 1382 719 1447 Omnino
742 1385 875 1469 graviter
897 1385 978 1448 vitae
1000 1384 1181 1448 brevitatem
1204 1398 1237 1448 et
1258 1408 1361 1449 rerum
1381 1387 1554 1451 inconstan-

538 1501 611 1565 tiam
643 1499 795 1565 Pindarus
826 1503 1001 1566 meminisse
1024 1501 1131 1586 jubet:
1157 1502 1303 1566 velutad
1327 1503 1552 1569 Aristomenem

536 1618 658 1682 scribit:
687 1620 743 1696 „in
766 1642 859 1705 parvo
882 1628 1020 1705 tempore
1041 1620 1219 1684 mortalium
1242 1630 1397 1705 augentur
1418 1622 1550 1707 gandia:

538 1737 582 1799 sie
605 1738 696 1802 etiam
720 1738 806 1803 humi
829 1740 962 1803 eadunt:

750 1856 906 1937 ἐπάμεροι·
929 1857 961 1922 τί
982 1857 1012 1922 δέ
1033 1881 1096 1933 rm
1119 1857 1151 1921 ‘tl
1172 1857 1198 1921 d*
1221 1856 1256 1920 οὔ
1277 1879 1340 1932 rm

750 1978 836 2046 σκιᾶς
861 1974 926 2053 ὄναρ
950 1972 1106 2054 ἅνθρωποι·

538 2088 655 2154 diurni:
676 2090 751 2173 quid
770 2098 817 2154 est
836 2090 967 2174 aliquis?
987 2090 1062 2175 quid
1081 2112 1145 2155 non
1164 2090 1231 2154 est?
1251 2090 1378 2155 umbrae
1396 2090 1553 2153 somnium

539 2206 709 2271 homines.''
755 2206 796 2271 Et
826 2214 928 2271 tamen
960 2208 1018 2271 hoe
1039 2209 1108 2291 ipso
1130 2207 1217 2283 loeo,
1241 2227 1303 2289 qno
1326 2204 1406 2269 nibil
1428 2206 1552 2289 gravius

539 2323 577 2387 ad
597 2324 823 2408 exprimendam
844 2348 906 2389 non
926 2326 997 2389 dico
1013 2326 1193 2389 brevitatem
1208 2324 1262 2387 sed
1278 2323 1433 2386 levitatem
1449 2344 1551 2386 rernm

538 2448 711 2504 nostrarum
743 2442 900 2526 nostrique
927 2443 1047 2526 generis
1070 2464 1136 2505 esse
1159 2450 1277 2526 potest,
1301 2461 1362 2503 non
1387 2440 1489 2504 utitur
1512 2440 1552 2502 ad

538 2568 728 2623 contemtum
752 2581 853 2643 neque
875 2569 910 2624 nt
935 2582 953 2623 a
975 2560 1101 2623 meliore
1123 2559 1227 2624 irnotu
1251 2559 1392 2621 fortunae
1410 2556 1551 2621 retinent.

540 2676 636 2741 Addit
658 2679 739 2741 enim
758 2678 922 2742 continuo:
943 2679 1020 2756 „sed
1039 2700 1136 2762 quum
1153 2677 1208 2741 lux
1228 2676 1341 2739 alone
1360 2674 1434 2738 data
1453 2676 1552 2751 venit,

538 2795 624 2859 adest
658 2794 767 2859 ardens
801 2797 906 2860 lumen
938 2796 1098 2860 bominum
1130 2796 1253 2878 vitaque
1285 2791 1417 2857 duleis.''
1433 2794 1455 2875 Ι)
1500 2790 1553 2855 Sic

537 2912 659 2994 quidem
693 2922 810 2997 partam
837 2913 942 2978 labore
964 2952 1010 2962 —
1031 2936 1103 2978 nam
1126 2913 1201 2977 haee
1224 2911 1264 2975 ud
1286 2910 1445 2974 victoriam
1469 2910 1554 2973 Aris·

536 3030 667 3093 tomenis
694 3032 846 3115 pertinere
870 3032 1072 3116 intelligimus
1094 3041 1195 3095 -et
1217 3029 1333 3093 aJove
1356 3028 1460 3091 datam
1484 3026 1549 3090 lan·

538 3147 607 3212 dem
630 3148 776 3215 tuendam
800 3172 855 3214 nee
879 3157 981 3213 mente
1002 3148 1218 3213 remittendam
1237 3170 1303 3211 esse
1322 3146 1413 3210 docet
1432 3144 1552 3209 diurnis

538 3266 727 3332 mortalibus.

583 3386 686 3468 Atque
717 3385 749 3449 in
781 3385 905 3449 eandem
938 3386 1121 3450 sententiam
1151 3386 1235 3450 dieta
1263 3396 1339 3452 sunt
1360 3411 1414 3467 ea,
1438 3390 1552 3474 quibus

538 3503 718 3569 Chrominm
742 3504 896 3580 laudavit,
921 3504 1015 3567 simul
1038 3504 1225 3589 exprimens,
1249 3530 1312 3590 qno
1330 3508 1423 3572 modo
1441 3508 1553 3574 debent

538 3644 573 3684 ea
599 3621 684 3697 lans,
709 3644 789 3705 qnae
812 3644 909 3705 nsque
932 3622 972 3685 nd
994 3632 1123 3687 mortem
1148 3646 1292 3688 mansura
1314 3627 1372 3702 sit,
1397 3648 1467 3690 enm
1487 3629 1553 3712 jus

537 3740 606 3803 titia
629 3740 767 3823 quaesita
790 3762 871 3804 esse:
896 3750 1095 3805 enatantem
1120 3742 1212 3805 haee:
1235 3764 1275 3820 „e
1298 3743 1473 3821 laboribus,
1497 3747 1551 3829 qui

537 3856 570 3920 in
601 3855 805 3922 adolescentia
837 3868 868 3921 et
890 3881 962 3921 oum
981 3859 1104 3943 justitia
1126 3860 1223 3935 finnt,
1247 3860 1368 3922 exsistit
1389 3860 1428 3923 ad
1452 3884 1552 3925 senec·

537 3982 635 4039 tutem
660 3996 768 4040 aevum
792 3976 896 4040 dulce:
921 3977 999 4040 sciat
1020 3976 1184 4041 Obromius
1207 3999 1239 4040 se
1257 3998 1276 4039 a
1296 3977 1364 4041 Diis
1382 3978 1551 4043 mirandam

537 4092 678 4157 ursum
711 4064 776 4156 esse
799 4093 1044 4176 felicitatemne)
1080 4093 1191 4157 veram
1215 4094 1465 4160 summanus
1488 4096 1553 4160 feu-

536 4210 637 4275 oitatis
670 4212 749 4276 viam
772 4222 1009 4291 commonstrat,
1033 4219 1064 4276 et
1086 4220 1207 4289 nmen,
1233 4223 1270 4275 ut
1291 4214 1388 4291 solet,
1413 4214 1551 4278 Deorum

572 4472 596 4531 ι)
614 4470 654 4537 1³9.
676 4470 750 4521 7111.
770 4471 828 4528 ise,
844 4486 906 4534 seqq.
1007 4472 1034 4531 a)
1050 4472 1116 4521 uene
1134 4470 1180 4521 rx.
1200 4471 1254 4520 ios.
