3725 5542
953 729 1017 790 alo

486 940 581 1022 ipsam
606 934 852 1019 temperantiam,
876 933 973 1015 ipsam
996 930 1151 993 scientim
1168 931 1344 1010 intuentum
1369 935 1496 1017 ejusque

487 1058 552 1122 viae
575 1055 638 1119 dux
661 1054 728 1118 Diis
752 1059 815 1129 est,
840 1051 939 1133 iisque
962 1048 1088 1124 animis,
1111 1071 1190 1134 quae
1213 1049 1260 1113 vel
1280 1052 1395 1135 optime
1412 1051 1494 1115 Deos

487 1186 664 1258 sequantur.
711 1170 890 1255 Euripides,
922 1166 1128 1252 Hesperidum
1160 1168 1278 1232 insulae
1301 1169 1431 1234 laudans
1452 1170 1497 1233 iu·

486 1293 603 1376 signem
633 1288 826 1363 felicitatem,
857 1284 901 1349 ihi
932 1304 1055 1367 quoque
1084 1282 1171 1347 Jovis
1201 1282 1290 1347 aedes
1313 1305 1379 1348 esse
1401 1283 1494 1349 dicit:

488 1407 612 1493 Hippol.
649 1409 721 1472 749.
767 1403 855 1485 Quae
886 1410 991 1466 autem
1020 1399 1058 1465 de
1081 1408 1168 1465 antro
1192 1400 1286 1465 Croni
1309 1402 1425 1466 mentio
1447 1410 1494 1465 est

487 1525 568 1611 apud
588 1522 805 1597 Plutarchum,
826 1520 871 1585 De
886 1518 988 1583 Vultu
1002 1518 1110 1583 Lunae
1125 1518 1161 1584 C.
1178 1521 1238 1597 26,
1262 1528 1293 1583 11
1310 1519 1357 1583 De
1371 1519 1494 1584 defectu

488 1644 681 1709 oraculorum
704 1640 739 1705 (l.
768 1642 825 1716 18,
850 1637 1013 1702 tribuenda
1034 1647 1080 1701 est
1104 1638 1196 1701 aetati
1218 1639 1388 1721 posteriori.
1413 1637 1495 1702 Nam

489 1764 542 1828 ille
564 1762 648 1826 locus
672 1782 736 1825 esse
758 1758 871 1821 dicitur
893 1757 1030 1841 quinque
1053 1756 1100 1819 vel
1124 1757 1227 1842 potius
1249 1756 1354 1821 decem
1372 1757 1492 1822 dierum

489 1883 588 1967 spatio
619 1880 701 1944 ultra
731 1876 951 1941 Brittanniam:
982 1896 1061 1959 quae
1091 1874 1237 1939 distantia
1266 1897 1328 1940 non
1358 1877 1441 1941 cadit
1462 1879 1495 1941 111

489 2010 617 2065 aetatem
641 1996 775 2063 Pindari.
800 1995 935 2059 Omnino
951 2004 1112 2079 postquam
1129 2017 1247 2059 summa
1261 1997 1369 2060 aetatis
1384 2018 1493 2061 aureae

492 2118 619 2184 felicitas
649 2117 738 2193 abiit,
768 2136 863 2200 quum
888 2122 989 2177 tamen
1013 2134 1148 2177 summae
1171 2112 1323 2177 felicitatis
1345 2122 1377 2177 et
1398 2115 1500 2198 cujus·

491 2238 561 2303 dam
591 2260 660 2301 cum
684 2234 751 2299 Diis
774 2232 998 2318 conjunctionis
1021 2232 1205 2316 cogitatione
1227 2253 1328 2297 carere
1349 2254 1412 2297 uon
1433 2254 1502 2317 pos·

492 2363 576 2433 sent,
611 2355 643 2418 111
674 2353 711 2417 iis
741 2358 821 2417 certe
851 2349 926 2413 locis
957 2372 1024 2413 eam
1053 2349 1270 2435 praestantiam
1301 2350 1412 2415 Poetae
1434 2373 1500 2415 esse

493 2470 651 2545 dixerunt,
676 2488 754 2552 quae
778 2476 879 2531 essent
901 2488 919 2529 a
942 2466 1064 2551 cognita
1086 2466 1266 2531 mortalibus
1289 2467 1381 2532 turha
1395 2478 1427 2531 et
1441 2467 1502 2532 col-

494 2589 617 2654 luvione
647 2587 776 2651 1111111111
805 2594 948 2650 remotae.
994 2584 1077 2649 Hinc
1107 2584 1314 2670 Aethiopum,
1338 2587 1501 2669 quierant

495 2708 652 2802 hominum
683 2704 803 2781 ultimi,
834 2704 945 2769 eximia
972 2703 1054 2789 apud
1077 2703 1245 2769 Homerum
1267 2705 1412 2769 memoria
1434 2713 1497 2769 est:

495 2828 531 2892 ad
556 2826 625 2891 illos
647 2826 769 2911 Jupiter
792 2832 822 2889 et
845 2823 956 2909 reliqui
979 2824 1031 2888 Dii
1054 2824 1156 2888 1111111
1178 2824 1278 2889 solent
1300 2836 1331 2889 et
1352 2825 1434 2910 apud
1450 2847 1502 2888 eos

494 2944 689 3011 commorari:
722 2942 760 3007 Il.
792 2942 808 3007 I
837 2944 920 3019 423,
953 2940 1067 3005 XXIII
1090 2943 1173 3019 206,
1197 2940 1257 3006 Od.
1281 2942 1298 3006 I
1322 2944 1374 3006 22.
1422 2942 1504 3031 Hinc

496 3064 647 3129 Pindarus
664 3060 769 3126 laudat
785 3061 1012 3145 Hyperboreos,
1030 3060 1184 3124 ministros
1201 3060 1368 3147 Apollinis,
1384 3082 1499 3126 sacram

496 3193 527 3247 et
549 3182 686 3247 laborum
712 3202 944 3267 pugnarumque
966 3188 1088 3264 gentem
1112 3188 1278 3265 expertem:
1296 3179 1335 3243 ad
1350 3202 1427 3264 quos
1442 3204 1498 3245 nec

496 3302 623 3369 navibus
655 3324 710 3365 nec
741 3299 869 3385 pedihus
900 3300 950 3363 via
980 3299 1169 3363 inveniatur:
1201 3297 1252 3363 Ol.
1283 3296 1336 3363 III
1360 3300 1420 3377 28,
1443 3299 1498 3383 Py.

497 3420 526 3483 X
558 3422 611 3485 ut.
643 3418 739 3495 Hinc,
772 3418 858 3502 quasi
891 3417 1066 3502 proverbio,
1096 3416 1293 3501 Hyperborea
1316 3416 1445 3481 felicitas
1468 3426 1504 3480 ut

497 3560 616 3603 summa
638 3536 781 3601 laudatur
806 3536 886 3622 apud
903 3536 1104 3619 Aeschylum,
1121 3533 1215 3599 Ohoe.
1232 3537 1307 3600 878.
1331 3534 1414 3599 Hinc
1431 3534 1507 3599 Hes·

427 3716 437 3743 ,
498 3656 634 3742 peridum
665 3655 762 3719 litoris
794 3654 903 3718 eximia
937 3654 1064 3717 felicitas
1094 3652 1137 3717 ibi
1163 3653 1306 3738 ponitur,
1330 3675 1392 3737 quo
1414 3653 1505 3717 maris

498 3774 649 3839 Dominus
675 3776 739 3859 jam
769 3773 870 3837 nautis
902 3773 981 3836 riam
1013 3780 1121 3857 negat:
1145 3772 1253 3857 Eurip.
1277 3771 1404 3858 Hippol.
1430 3776 1504 3838 744.

499 3891 673 3957 Herodotus
705 3892 823 3978 ipsein
847 3890 988 3955 extremis
1020 3891 1102 3956 orbis
1126 3890 1263 3978 partibus
1287 3892 1506 3976 praestantissi-

499 4034 563 4077 mas
594 4034 640 4077 res
671 4034 734 4075 esse
765 4011 935 4086 existimat,
965 4009 1002 4074 L.
1030 4008 1084 4074 ΙΠ
1115 4012 1188 4074 loe.
1235 4009 1276 4074 Et
1305 4018 1386 4075 certe
1409 4032 1504 4094 quum

500 4128 697 4195 Occidentem
721 4152 824 4193 versus
857 4136 943 4193 extra
964 4129 1108 4193 itinerum
1131 4128 1276 4193 terminos
1298 4128 1415 4192 insulas
1438 4127 1507 4193 hea-

499 4258 601 4312 torum
625 4248 736 4311 Poetae
760 4254 953 4333 reponerent,
977 4269 1038 4311 non
1054 4247 1226 4315 mirandum
1242 4258 1305 4323 est,
1330 4268 1427 4330 quum
1439 4247 1502 4331 jam

499 4378 584 4433 extra
613 4366 769 4431 columnas
801 4364 944 4431 Herculis
976 4365 1066 4450 plura
1095 4374 1197 4429 essent
1226 4374 1331 4451 postea
1361 4366 1501 4450 cognita,

500 4508 581 4551 mare
611 4484 757 4549 Omnium
789 4484 869 4548 ultra
893 4484 1095 4549 Brittanniam
1119 4484 1212 4547 fnisse
1235 4484 1386 4569 positum:
1410 4492 1501 4568 alque
