3725 5542
967 664 1031 723 240

413 866 454 926 90
491 865 556 928 siue
592 864 722 941 virtum,
755 862 786 925 in
818 864 977 945 quaternis
1000 885 1165 948 puerorum
1187 863 1332 929 membris
1355 866 1507 930 avertita

491 1004 522 1045 se
543 980 677 1045 reditum
697 980 937 1065 ignominiosum
959 990 990 1043 et
1007 981 1143 1066 lingnam
1163 991 1351 1047 contemtum
1366 985 1463 1070 magis
1476 992 1505 1047 ct

490 1100 643 1164 incessum
668 1099 844 1184 ignobilem.
882 1098 922 1162 Et
947 1100 1027 1184 patri
1050 1100 1147 1185 patris
1167 1102 1328 1185 inspiravit
1350 1103 1504 1179 animum,

490 1239 593 1303 parem
626 1218 777 1281 senectuti
810 1216 1034 1281 adversarium:
1071 1217 1170 1282 Hadia
1200 1220 1281 1283 enim
1312 1219 1507 1284 obliviscitur

490 1337 598 1414 homo,
622 1336 673 1400 cui
696 1335 776 1400 laeta
798 1336 994 1421 contingunt.
1028 1334 1147 1401 Verum
1161 1360 1210 1401 me
1227 1336 1315 1402 decet
1328 1340 1506 1403 memoriam

489 1453 620 1519 excitare
643 1461 674 1518 et
697 1452 797 1518 dicere
820 1476 968 1519 manuum
993 1454 1098 1519 dorem
1114 1454 1330 1531 victoriarum,
1347 1456 1400 1539 qui
1415 1455 1506 1541 Blep-

389 1575 452 1637 100
488 1572 582 1637 siadis
606 1580 670 1650 est,
694 1580 780 1637 sexta
802 1594 879 1657 quos
900 1575 963 1659 jam
988 1595 1101 1639 corona
1120 1574 1322 1639 circumdate
1338 1575 1506 1641 ferentibus

486 1692 560 1757 folia
590 1692 818 1757 certaminibus.
867 1692 923 1756 Est
953 1694 1047 1757 etiam
1078 1694 1183 1779 aliqua
1213 1695 1343 1758 mortuis
1367 1716 1437 1779 pars
1460 1717 1506 1757 se·

488 1810 627 1875 cundum
656 1810 754 1896 legem
784 1811 880 1875 lacta:
913 1832 1013 1895 neque
1043 1812 1148 1876 obruit
1178 1812 1280 1897 pulvis
1302 1822 1505 1897 cognatorum

488 1952 592 1995 carum
617 1952 760 1996 amorem.
800 1930 846 1994 Ex
871 1931 1004 1995 Hermae
1020 1931 1084 1995 lilia
1099 1931 1232 2017 Angelis
1246 1931 1375 1995 audiens
1391 1931 1503 2016 Iphion

487 2048 628 2113 (licturus
660 2058 705 2113 est
733 2048 923 2114 Callimacho
952 2049 1151 2134 splendidum
1173 2050 1267 2114 decus
1291 2048 1503 2135 Olympicum,

390 2166 451 2227 110
488 2165 571 2250 quod
603 2168 738 2253 ipsorum
761 2167 847 2231 dedit
869 2167 993 2253 Jupiter
1015 2168 1130 2252 generi.
1176 2167 1341 2252 Prosperae
1364 2190 1412 2231 res
1435 2176 1505 2252 post

486 2304 646 2371 prosperas
678 2285 750 2349 dare
782 2285 873 2361 velit,
904 2294 935 2349 et
958 2308 1041 2349 acres
1065 2285 1187 2349 morbos
1211 2294 1322 2350 arceat.
1371 2284 1502 2361 Precor,

488 2428 526 2469 ne
564 2405 597 2468 iu
632 2412 713 2468 sorte
744 2404 921 2490 pulcrarum
953 2426 1053 2468 rerum
1086 2403 1233 2468 Nemesin
1266 2413 1361 2490 ponat
1392 2404 1502 2468 diversi

490 2522 629 2599 consilii,
668 2522 722 2587 sed
757 2523 853 2587 cladis
884 2532 1037 2607 expertem
1067 2524 1182 2587 ducens
1211 2545 1317 2587 eornm
1349 2524 1443 2587 vitam
1474 2532 1504 2585 et

491 2642 573 2726 ipsos
596 2650 707 2725 augeat
730 2650 762 2705 et
785 2642 950 2704 civitatem.

858 3111 1054 3177 OLYMPIA
1078 3111 1136 3175 IX.

801 3371 1008 3415 nrusuuosro
1036 3369 1188 3422 occurro,

923 3589 1072 3653 luctatori.

532 3826 709 3891 Archilochi
733 3848 853 3892 carmen
878 3848 990 3890 sonans
1014 3824 1195 3910 Olympiae,
1211 3822 1373 3886 callinicus
1390 3820 1502 3906 triplex

486 3946 620 4023 ferrens,
656 3946 731 4011 satis
765 3945 825 4009 luit
859 3952 896 4008 ut
933 3942 973 4008 ad
1007 3942 1157 4007 Cronium
1190 3941 1346 4005 tumulum
1377 3940 1503 4004 duceret

485 4064 724 4150 Epharmostum
741 4062 947 4129 celebrantem
963 4069 1087 4126 cautum
1104 4083 1174 4126 cum
1190 4059 1313 4124 dilectis
1328 4057 1501 4123 sodalibus:

410 4184 449 4247 10
485 4183 539 4249 scd
568 4206 650 4249 nunc
681 4206 719 4248 er
746 4206 818 4247 arcu
842 4183 1014 4267 longinqua
1037 4181 1165 4245 feriente
1188 4179 1349 4243 Musarum
1373 4178 1428 4242 leri
1450 4176 1503 4239 Jo

487 4324 614 4387 veruque
636 4301 766 4366 rubente
782 4300 933 4387 insignem
949 4299 1079 4364 fulmine
1095 4296 1365 4381 venerandumque
1380 4294 1501 4359 culmen

488 4420 587 4485 Elidis
611 4419 727 4485 talibus
752 4419 839 4498 telis,
864 4419 948 4505 quod
972 4417 1139 4503 aliquando
1162 4416 1268 4501 Lydus
1285 4416 1374 4478 horos
1390 4413 1501 4498 Pelops
