3725 5542
988 729 1029 790 90

508 927 615 992 hahuit
644 937 674 991 et
697 928 878 1012 exagitavit,
903 927 935 992 id
959 927 1041 1012 quod
1063 928 1116 992 alii
1139 950 1262 1014 quoque
1285 929 1438 1007 leoerunt,
1462 940 1510 1006 et,

506 1069 561 1110 sua
593 1047 658 1132 ipse
693 1048 809 1111 ratione
843 1047 881 1111 de
915 1046 1020 1111 divina
1053 1055 1163 1111 natura
1195 1049 1368 1132 inquirens,
1403 1049 1513 1112 statuit

508 1166 608 1231 Deum
631 1189 695 1230 esse
722 1173 753 1231 et
779 1189 873 1230 unum
901 1173 933 1230 et
955 1166 1002 1230 sni
1025 1166 1154 1231 similem
1176 1174 1209 1230 et
1229 1174 1385 1232 aeternum
1408 1174 1439 1231 et
1460 1167 1513 1230 do

506 1286 684 1350 minantem.
705 1288 726 1369 ¹)

550 1402 699 1469 Pindarus
722 1427 811 1482 vero,
836 1425 1022 1490 quamquam
1044 1405 1244 1490 reprehensor
1266 1405 1510 1481 mendaciorum,

505 1522 537 1587 in
567 1522 757 1587 emendando
789 1523 921 1588 Homero
952 1523 1109 1599 substitit,
1141 1525 1248 1589 nolens
1279 1525 1352 1588 vitia
1379 1523 1513 1588 hnmana

504 1641 599 1706 tribui
623 1641 707 1706 Diis:
732 1641 784 1706 sod
807 1651 943 1707 venustas
965 1642 1004 1708 de
1025 1644 1063 1707 iis
1083 1643 1279 1722 traditiones,
1295 1666 1374 1730 quae
1389 1643 1511 1728 quidem

505 1761 543 1825 ad
567 1760 672 1825 landes
694 1762 830 1846 ipsorum
854 1763 1058 1846 pertinerent,
1081 1785 1144 1827 non
1166 1762 1310 1840 sustulit,
1330 1761 1383 1826 sed
1409 1762 1511 1847 potius

505 1879 641 1946 canendo
672 1880 792 1945 extulit.
837 1879 886 1944 Ita
914 1881 1030 1946 scilieet
1060 1881 1186 1946 dixerim
1218 1881 1331 1946 distare
1360 1882 1453 1945 vitam
1480 1889 1512 1945 et

506 1998 650 2064 scholam.
697 1997 768 2064 Non
801 1999 858 2064 fnit
881 1999 1034 2065 Pindarus
1056 2000 1187 2086 alicujus
1210 2001 1388 2086 disciplinae
1410 1999 1513 2064 eondi-

505 2125 571 2196 tor,
603 2140 701 2203 neque
731 2118 917 2184 carminibus
940 2121 1003 2184 suis
1026 2119 1133 2185 dooere
1155 2119 1271 2197 voluit,
1295 2119 1348 2184 sed
1371 2119 1510 2184 laudare:

505 2238 581 2316 fuit,
613 2239 638 2302 si
666 2239 736 2323 quis
760 2238 856 2316 alius,
882 2239 1028 2324 religione
1050 2261 1176 2304 suorum
1200 2239 1392 2325 popularium
1415 2238 1513 2303 imbu-

504 2371 572 2422 tus:
596 2359 649 2423 sed
672 2359 837 2423 modestiae
861 2359 964 2423 studio
987 2359 1101 2424 duetus
1122 2381 1158 2423 ao
1181 2360 1321 2445 pietatis,
1349 2367 1381 2424 et
1401 2358 1514 2422 intelli·

505 2479 609 2563 gentio
630 2479 711 2556 veri,
735 2499 796 2564 qua
817 2478 952 2563 reliquos
974 2479 1113 2543 homines
1136 2478 1316 2564 superabat,
1333 2499 1398 2542 eam
1414 2479 1512 2562 ipsam

505 2596 684 2682 religionem
707 2595 819 2672 coluit,
844 2597 982 2682 sejuncta
1003 2597 1161 2682 pravitate.
1209 2597 1414 2682 Xenophanes
1437 2617 1514 2659 are·

506 2726 589 2780 moto
612 2737 789 2802 progressus
811 2715 979 2801 principio,
1003 2717 1150 2780 oontinuo
1163 2717 1261 2801 ipsam
1277 2716 1410 2781 divinam
1423 2723 1514 2779 natu·

506 2857 570 2899 ram
594 2835 638 2898 ita
660 2835 844 2899 constituere
869 2843 997 2899 conatus
1020 2843 1084 2911 est,
1108 2843 1145 2898 nt
1167 2857 1206 2899 ne
1229 2834 1304 2918 qnid
1327 2833 1515 2898 eitribuere·

507 2959 576 3031 tur,
608 2953 691 3039 quod
722 2975 783 3017 uon
815 2960 894 3018 esset
923 2954 1020 3039 ipsius
1046 2955 1158 3018 rationi
1181 2963 1436 3018 consentaneum:
1460 2953 1512 3017 sed

506 3071 657 3136 Pindums
686 3071 839 3157 profectus
870 3079 916 3135 est
944 3095 963 3134 a
992 3095 1042 3148 se,
1075 3093 1174 3156 neque
1197 3071 1351 3136 hominem
1375 3079 1515 3157 oportere

507 3191 626 3276 putavit
652 3190 689 3254 de
711 3191 780 3254 Diis
804 3212 897 3274 prava
919 3212 1051 3255 narrare.

553 3307 673 3389 Quodsi
693 3309 756 3394 jem
780 3309 818 3374 de
842 3309 1002 3393 utriusque
1017 3310 1187 3373 sententiae
1202 3309 1306 3373 lrnetn
1322 3309 1513 3392 quaerimus,

507 3427 711 3513 Xenophanes
735 3449 820 3492 suam
844 3426 882 3491 de
906 3427 973 3492 Deo
995 3428 1178 3492 sententiam
1200 3429 1246 3491 ite
1267 3428 1421 3513 separavit
1439 3449 1518 3492 are-

507 3569 575 3611 rum
606 3545 792 3632 reliquarum
822 3547 1047 3632 disputatione,
1070 3555 1106 3611 ut
1128 3547 1216 3631 qnasi
1238 3545 1378 3610 divinum
1401 3567 1515 3611 numen

508 3689 525 3729 e
556 3664 670 3729 mundo
698 3664 874 3728 sustulerit:
888 3667 912 3748 ς)
938 3665 1089 3729 Pindarus
1112 3665 1180 3729 Diis
1203 3666 1307 3729 omnia
1328 3665 1442 3750 gaudia
1467 3665 1518 3730 de

508 3782 589 3859 heri,
620 3782 702 3846 Deos
726 3783 756 3847 in
780 3805 903 3867 quaque
926 3804 959 3847 re
981 3781 1125 3847 oolendos
1148 3805 1184 3847 ae
1207 3783 1355 3847 verendos
1377 3804 1444 3847 esse
1465 3783 1517 3848 do·

508 3901 589 3978 ouit,
613 3901 784 3984 imbuitqne
806 3901 945 3966 homines
968 3903 1091 3987 pietate.
1137 3901 1337 3966 Proleoernnt
1359 3902 1518 3988 quideme

508 4019 647 4084 doctrina
670 4019 870 4105 Xenophanis
893 4021 1024 4106 posteri:
1048 4021 1108 4085 fnit
1123 4043 1228 4105 reapse
1243 4020 1432 4099 didactieus,
1448 4021 1518 4084 doo-

507 4143 556 4202 tos
578 4137 715 4203 docendo
739 4139 831 4202 etiam
855 4147 925 4224 post
946 4147 1092 4203 mortem:
1116 4138 1270 4204 Pindarus
1292 4161 1364 4204 vero
1378 4149 1410 4204 et
1425 4163 1518 4227 supra

507 4255 656 4340 populum
680 4257 818 4341 sapiens,
843 4266 874 4321 et
897 4265 999 4322 tamen
1022 4256 1189 4342 popularis.

544 4531 856 4599 nmmum
955 4487 1272 4599 nmmfflm
