3725 5542
966 739 1029 797 286

487 938 570 1023 qnod
590 937 744 1023 appellate
762 937 803 999 sit
818 935 1012 1021 Hypudorie:
1032 958 1132 1020 neque
1150 938 1230 1000 enim
1246 936 1278 1000 id
1291 960 1356 1001 esse
1369 937 1499 1001 Dorium

485 1055 570 1138 quod
600 1056 641 1118 sit
673 1055 895 1139 Hypodorium.
943 1054 983 1117 Et
1013 1054 1045 1118 id
1076 1054 1200 1138 quidem
1222 1064 1304 1118 recte
1327 1053 1498 1118 contendit.

487 1172 603 1236 Verum
619 1173 679 1236 nlio
695 1172 787 1236 modo
804 1173 913 1237 Aeolia
927 1173 1088 1237 hermonis
1099 1173 1202 1257 potuit
1212 1174 1363 1237 contineri
1376 1174 1501 1237 nomine

486 1292 608 1357 Dorice.
655 1291 780 1377 Quippe
811 1291 1009 1368 Aristotcles,
1045 1292 1093 1355 De
1123 1290 1199 1376 Rep.
1230 1291 1267 1355 Ιι.
1303 1290 1350 1353 IV
1381 1292 1416 1355 G.
1448 1290 1501 1355 [Π

486 1410 584 1474 multe
606 1409 730 1495 quidem
755 1409 831 1473 dicit
853 1432 918 1474 esse
941 1408 1237 1494 rerumpublicarum
1261 1432 1389 1494 genero,
1416 1432 1502 1495 prue-

486 1529 577 1613 cipun
606 1551 677 1593 vero
707 1528 788 1606 duo,
821 1527 933 1612 quibus
957 1528 1077 1613 reliqun
1098 1528 1208 1614 subjici
1232 1529 1367 1613 possint:
1392 1529 1497 1593 eodem

485 1647 593 1724 modo,
626 1669 722 1732 quum
754 1646 858 1731 plures
889 1646 973 1709 venti
996 1646 1075 1723 siut,
1111 1646 1291 1731 praecipuos
1314 1668 1379 1710 esse
1403 1645 1499 1723 duos,

485 1765 608 1829 horeum
632 1774 663 1829 et
685 1772 812 1842 uotum,
837 1774 868 1827 et
883 1764 1050 1849 zephyrum
1066 1764 1100 1827 in
1118 1763 1226 1841 boreo,
1250 1787 1359 1828 eurum
1375 1765 1409 1827 in
1424 1774 1500 1827 noto

487 1884 574 1969 poni:
592 1883 684 1947 etium
700 1905 796 1969 quum
812 1883 917 1967 plures
932 1883 996 1945 sint
1009 1882 1201 1960 harmonice,
1219 1882 1383 1967 praecipuo
1394 1904 1498 1945 eurum

485 2024 597 2085 genere
619 2023 684 2065 esse
707 2001 788 2077 duo,
812 2000 944 2065 Dorium
965 2008 997 2064 et
1019 2000 1206 2085 Phrygium,
1231 2001 1264 2064 in
1288 2022 1394 2065 eorum
1410 2000 1500 2064 ulter·

486 2126 556 2183 utro
586 2120 719 2203 reliquus
751 2118 924 2182 harmonius
949 2119 1040 2203 poni:
1073 2127 1148 2182 sunt
1170 2118 1245 2182 hoec
1267 2120 1366 2203 ipsius
1389 2118 1499 2182 verbu:

485 2238 586 2313 ὁμοίως
616 2236 642 2301 δ’
673 2237 809 2317 ἔχεικαὶ
833 2237 896 2316 περὶ
920 2238 977 2308 τιὶς
999 2236 1155 2314 ἁρμονίας,
1178 2235 1215 2307 ὥς
1237 2238 1319 2318 Φασί
1340 2256 1425 2307 τινες·
1448 2235 1499 2301 καὶ

482 2356 542 2433 γὰρ
564 2356 627 2419 εἰιιῖ
645 2357 769 2419 τίθενται
793 2356 854 2428 εἴδη
879 2354 944 2433 δύο,
966 2356 1020 2428 τὴν
1044 2354 1168 2433 Δωριστὶ
1191 2356 1241 2418 καὶ
1264 2356 1317 2427 τὴν
1341 2354 1500 2432 Φρυγιστὶ,

482 2474 524 2537 τὰ
554 2473 579 2535 δ’
610 2470 695 2537 ἄλλα
726 2474 930 2549 συντάγματα
965 2474 1006 2537 τὰ
1039 2474 1093 2550 μὲν
1128 2473 1225 2550 Δώρια
1255 2473 1297 2537 τὰ
1327 2471 1356 2536 δὲ
1386 2473 1501 2551 Φρύγια

483 2596 616 2656 καλοῦσι.
654 2589 763 2670 Quum
786 2613 858 2675 ergo
882 2590 1034 2655 Pindarus
1055 2589 1217 2671 φόρμιγγα
1235 2590 1348 2670 Δωρίαν
1366 2588 1501 2674 appellet

485 2718 517 2773 et
546 2708 688 2783 Αἰαλνΐδα
720 2709 858 2785 mireo,
896 2708 991 2772 Dorio
1021 2708 1146 2771 nominc
1177 2706 1299 2771 videtur
1329 2729 1405 2770 usus
1436 2728 1502 2770 esse

488 2826 646 2904 universo,
678 2847 741 2910 quo
771 2824 915 2889 Aeolium
946 2826 1173 2902 contineretur,
1209 2834 1246 2888 ut
1276 2834 1308 2888 et
1338 2825 1441 2888 centio
1471 2829 1503 2886 et

488 2944 605 3008 cithare
627 2944 743 3007 fuerint
769 2943 904 3008 Aeoliae.

536 3065 609 3126 168.
645 3068 752 3127 καλῶν.
790 3063 880 3128 Καλὰ
914 3072 988 3126 suut
1021 3061 1207 3138 leudnbilin,
1242 3059 1503 3145 quemadmodum

489 3182 585 3245 Hiero
607 3181 754 3247 certando
778 3203 814 3244 ee
837 3204 869 3244 se
889 3181 1068 3265 cognovisse
1084 3179 1231 3265 prodidit.
1260 3178 1409 3243 Similiter
1428 3182 1501 3242 134.

531 3298 608 3379 ἴδριν.
649 3299 802 3385 Adjectivi
834 3298 926 3383 hujus
957 3300 1183 3383 comparativus
1214 3298 1262 3361 vel
1294 3297 1501 3382 superlativus

488 3440 550 3482 uon
574 3419 730 3482 invenitur
752 3424 904 3501 quoutum
928 3417 1002 3480 scio.
1039 3416 1109 3479 Hoc
1131 3416 1199 3479 loco
1222 3414 1409 3498 intelligitur
1422 3419 1503 3491 μᾶλ-

487 3552 537 3602 λον
560 3559 578 3600 e
601 3544 748 3619 sequente
770 3536 942 3615 κυριώτερον.
974 3534 1025 3598 Sic
1044 3533 1170 3598 Tacitus
1191 3535 1273 3598 hun.
1291 3533 1383 3599 157:
1408 3532 1504 3609 „Bur-

489 3654 584 3731 bnris,
610 3660 726 3738 quanto
750 3654 819 3738 quis
843 3652 973 3717 nudnciu
995 3660 1171 3738 promptos,
1195 3658 1283 3715 tento
1306 3652 1404 3736 mngis
1423 3649 1503 3713 fidus

487 3772 639 3857 rebusque
659 3772 749 3836 motis
767 3772 871 3856 potior
888 3771 1052 3837 hebetur.''
1078 3780 1124 3835 Tr
1143 3776 1291 3855 sequente
1310 3770 1328 3843 ἢ
1347 3777 1395 3833 est
1410 3769 1502 3832 etium

488 3890 570 3975 opud
602 3889 857 3976 Xenophontem,
889 3888 1005 3953 Oecon.
1040 3888 1101 3953 XX
1135 3890 1172 3951 12
1201 3890 1283 3963 ἡγῆ
1307 3886 1447 3967 ὑγροτέρα
1468 3910 1503 3951 τε

487 4006 560 4074 οὖσα
582 4009 650 4089 πρὸς
672 4008 721 4073 τὸν
744 4009 847 4089 ττόρυν
870 4010 887 4085 ἢ
911 4008 1121 4087 ἁλμυδεττὲρα
1143 4006 1213 4084 πρὸς
1234 4006 1370 4085 Φυτείαν.

535 4129 609 4191 170.
645 4135 790 4207 πτυχαῖς.
826 4128 936 4206 Πτυχὶι
960 4133 1007 4189 est
1030 4124 1062 4188 id
1086 4124 1169 4208 quod
1191 4122 1339 4208 plicatum
1361 4129 1422 4199 est,
1446 4142 1503 4185 nec

487 4245 608 4310 differre
631 4245 753 4309 videtur
775 4267 794 4308 e
817 4243 907 4320 ιιτύξ.
943 4242 1138 4327 Hesychius:
1162 4240 1260 4322 ττύξ,
1285 4240 1428 4320 ἢττύχν
1448 4246 1503 4303 unt

487 4366 609 4446 πτυχίι,
642 4366 658 4439 ἡ
689 4362 803 4439 τλέξις.
849 4360 941 4425 Certe
972 4369 1004 4424 et
1034 4358 1115 4436 ττύξ
1143 4369 1175 4423 ct
1197 4360 1303 4438 ττυχὶι
1326 4357 1442 4421 dicitur
1463 4357 1503 4420 de

486 4481 678 4547 convallibus
698 4481 865 4557 montium,
888 4479 973 4545 velut
990 4480 1082 4544 Hom.
1103 4478 1142 4543 ll.
1159 4477 1219 4541 XX
1237 4478 1280 4539 22
1296 4475 1387 4554 μενέω
1403 4476 1500 4556 πτυχὶ
