3725 5542
958 677 1021 739 280

482 895 633 951 amorem,
666 874 866 957 expresserit:
900 874 954 938 sed
986 882 1050 938 eret
1082 874 1292 959 Hippodamia
1324 879 1500 941 certaminis

483 993 669 1079 praemium:
704 993 735 1057 in
767 993 805 1056 iis
837 998 939 1056 autem
971 993 1089 1071 verbis,
1114 1015 1193 1078 quae
1215 993 1255 1057 ad
1279 996 1448 1060 certamina
1470 1005 1502 1060 et

483 1112 626 1175 victorias
655 1112 831 1196 pertinent,
863 1111 938 1175 haee
961 1111 1021 1175 tria
1043 1119 1175 1196 possunt
1197 1135 1263 1177 esse
1287 1113 1426 1198 objecta,
1450 1113 1502 1177 nd-

484 1232 649 1308 versarins,
674 1230 777 1315 ipsum
801 1237 968 1308 certamen,
993 1232 1174 1315 praemium.
1210 1232 1278 1296 Hoe
1298 1233 1396 1317 igitur
1415 1232 1499 1310 loeo,

483 1371 580 1433 quum
612 1347 737 1412 verbum
762 1348 837 1412 ἑλεῖν
861 1348 1002 1412 vincendi
1027 1349 1184 1413 notionem
1208 1349 1339 1427 habeat,
1363 1350 1426 1414 duo
1450 1350 1501 1414 ad·

483 1466 602 1531 duntur
632 1466 769 1551 object-a,
802 1466 994 1530 adversarius
1021 1480 1052 1530 et
1080 1467 1259 1551 praemium.
1308 1468 1416 1553 Ipsum
1440 1491 1501 1533 oer-

483 1594 587 1649 tumen
618 1605 673 1669 pro
705 1583 825 1668 objecto
854 1583 921 1668 ejus
951 1581 1035 1648 verbi
1058 1585 1187 1668 ponitur
1210 1585 1294 1670 apnd
1318 1584 1501 1670 Sophoclem

484 1702 561 1766 Oed.
587 1700 654 1765 Col.
682 1703 767 1764 1148

661 1818 769 1899 χῶπως
792 1818 846 1895 μὲν
869 1818 951 1894 ἁγὼν
972 1818 1071 1899 titan,
1095 1820 1126 1883 τί
1147 1819 1193 1883 δεῖ
1211 1819 1311 1896 μάτην

664 1943 799 2012 κτμντεῑν.

532 2052 680 2117 Similiter
704 2051 755 2118 Ol.
779 2052 827 2117 IX
854 2056 915 2118 127
940 2053 1091 2131 κράτησαν
1110 2054 1209 2136 ἔργον,
1234 2062 1265 2119 et
1291 2054 1382 2119 Nem.
1408 2056 1436 2119 X
1461 2059 1504 2119 46

487 2171 628 2250 ἐκράτησε
654 2175 789 2251 στρατόν.
836 2172 982 2256 Aliquem
1005 2172 1154 2239 habemus
1177 2174 1210 2239 in
1234 2181 1341 2239 nostro
1364 2197 1505 2239 sermone

488 2289 737 2368 similitudinem,
767 2288 976 2355 adversarium
1000 2291 1125 2376 quidem
1149 2293 1209 2357 alio
1232 2293 1341 2372 modo,
1365 2293 1419 2358 sed
1443 2316 1506 2358 eer-

489 2415 591 2473 tameu
627 2416 657 2473 et
693 2409 861 2492 praemium
895 2407 1003 2474 eodem
1034 2409 1126 2473 modo
1157 2411 1250 2475 verbo
1281 2411 1502 2498 adjungentes,

489 2550 586 2612 quum
617 2527 754 2592 dieamus
786 2550 879 2593 eeueu
904 2528 992 2614 strijd
1016 2530 1137 2594 niunen
1160 2537 1192 2593 et
1217 2552 1311 2595 eeuen
1336 2532 1410 2616 prijs
1433 2531 1507 2595 wiu-

490 2668 560 2710 nen.
607 2645 711 2709 Latini
735 2668 805 2709 vero
829 2645 937 2711 dieunt
960 2646 1124 2732 profligare
1149 2647 1268 2712 bellum
1290 2657 1321 2713 et
1343 2649 1506 2734 profligare

490 2766 605 2829 hostes.

538 2886 610 2948 144.
645 2885 722 2949 τέκε.
758 2883 805 2947 De
828 2891 913 2968 patre
936 2884 1080 2949 hocloco
1097 2885 1231 2963 dieitur,
1248 2884 1506 2970 quemadmodum

490 3000 572 3085 epnd
597 3000 766 3065 Homerum
789 3000 828 3065 Il.
852 3000 899 3064 VI
926 3004 989 3066 154

712 3118 726 3183 ὃ
750 3118 775 3183 δ’
798 3116 858 3200 ἄρα
879 3126 1012 3185 Γλαῦκον
1034 3120 1127 3186 τέκεθ’
1151 3120 1226 3204 υἱὸν,

579 3239 674 3317 αὐτὰρ
696 3244 828 3309 Γλαῦκος
851 3238 963 3303 ἔτικτεν
986 3240 1129 3317 ἀμύμονα
1153 3240 1397 3321 Βελλεροφόντην.

491 3355 580 3419 Cous.
606 3356 685 3433 206,
710 3355 790 3419 XXI
817 3359 894 3433 188,
915 3354 1026 3419 XXIV
1044 3359 1124 3435 255,
1147 3360 1228 3435 540,
1246 3356 1373 3421 Hesiod.
1389 3356 1505 3439 Theog.

492 3473 571 3549 287,
606 3472 749 3558 Sophoel.
781 3471 860 3537 Oed.
892 3472 959 3537 Col.
997 3476 1101 3550 1108,
1138 3474 1245 3559 Eurip.
1277 3474 1381 3559 Iphig.
1412 3472 1505 3537 Taur.

491 3594 574 3668 273,
599 3590 706 3676 Eurip.
730 3591 838 3677 Suppl.
867 3593 963 3656 1133.

538 3712 610 3774 145.
646 3714 778 3791 ἀρεταῖσι
800 3710 989 3789 peneadem.
1026 3710 1115 3791 Quos
1147 3712 1231 3795 ipsae
1260 3710 1391 3774 virtutes
1414 3709 1508 3774 dilex-

489 3834 581 3890 erunt
615 3850 763 3913 carosque
797 3829 982 3894 habueruut.
1032 3828 1181 3893 Similiter
1215 3828 1344 3893 Hesiod.
1380 3826 1441 3913 Op.
1477 3834 1508 3891 et

489 3944 528 4009 D.
554 3947 617 4009 231

690 4062 789 4145 θαλίης
812 4064 841 4129 δὲ
865 4064 1027 4143 μεμηλότα
1049 4068 1124 4145 ἔργα
1148 4063 1293 4140 νέμονται.

490 4182 597 4267 Ipsum
621 4183 739 4259 μέμηλε
762 4182 800 4246 de
824 4206 879 4259 eo,
904 4182 987 4267 quod
1012 4206 1105 4247 curae
1128 4184 1170 4246 sit
1186 4182 1234 4246 vel
1250 4203 1312 4267 quo
1329 4181 1502 4259 oblecteris,

491 4302 633 4385 frequens
657 4310 720 4379 est,
746 4301 832 4365 velut
855 4302 969 4367 ibidem
994 4304 1079 4379 238,
1105 4304 1186 4380 531,
1210 4300 1303 4365 Hom.
1328 4300 1367 4363 11.
1391 4300 1426 4364 Π
1450 4302 1503 4363 25.

480 4496 486 4503 ,
541 4423 614 4485 145.
650 4421 735 4494 υἱούς.
771 4420 911 4485 Fuerunt
941 4422 974 4485 in
1005 4422 1043 4486 iis
1076 4423 1207 4497 Atreus,
1237 4420 1403 4505 Thyestes,
1427 4418 1504 4483 Plis-
