3725 5542
992 720 1055 780 488

556 922 629 982 140.
663 918 737 999 ὅσσα
759 917 830 999 βοᾷ.
865 915 956 981 Ocni,
981 915 1032 981 01.
1057 916 1088 981 X
1116 920 1168 981 88.

558 1040 629 1100 148.
664 1035 784 1119 Lycaeo
805 1035 932 1098 luerunt
954 1036 1158 1099 certaminum
1175 1036 1324 1102 Arcadiae
1339 1038 1532 1103 clarissima:

508 1154 587 1218 ocul.
619 1151 670 1216 Ol.
693 1151 759 1218 VII
791 1155 865 1217 158.
908 1151 989 1215 Vide
1022 1151 1157 1229 Krause,
1190 1154 1291 1238 Agou.
1320 1154 1355 1219 II
1391 1178 1421 1241 p.
1451 1158 1530 1220 784.

509 1270 648 1335 Fuerunt
678 1270 771 1333 etiam
801 1271 835 1333 iu
864 1270 938 1333 Asia
960 1291 978 1332 a
1001 1270 1125 1333 Graecis
1150 1270 1319 1349 celebrata,
1343 1273 1530 1336 instituente

509 1387 610 1450 Xenia
632 1386 768 1462 Arcade,
791 1407 889 1470 quum
911 1407 980 1451 cnm
1005 1386 1086 1469 Cyro
1109 1394 1211 1451 essent
1233 1388 1266 1451 iu
1289 1388 1399 1452 itinere
1423 1388 1531 1452 adver-

509 1526 562 1567 sus
593 1506 808 1567 Artaxerxem:
841 1500 942 1565 Anah.
971 1501 1008 1566 L.
1032 1501 1108 1565 10.
1134 1502 1168 1565 Π
1194 1506 1245 1567 10.
1293 1506 1427 1583 Στρατὸς
1450 1505 1471 1569 i.
1495 1526 1529 1588 q.

510 1620 660 1706 populus:
685 1620 766 1683 conl.
789 1617 841 1682 01.
864 1617 895 1679 V
918 1620 972 1681 28.

557 1741 631 1802 146.
665 1726 837 1801 Scholiasta
858 1742 948 1801 vetus
971 1736 1010 1800 ad
1033 1734 1085 1801 Ol.
1108 1734 1174 1799 VII
1200 1739 1280 1801 156:
1304 1746 1436 1803 τελεῖται
1451 1740 1482 1803 δὲ
1496 1741 1530 1803 ἒν

509 1856 564 1933 μὲν
586 1856 722 1935 Πελλήνη
744 1864 797 1928 τῆς
817 1853 951 1933 Ἀχαίας
967 1854 1049 1929 eyes
1064 1855 1078 1918 l
1094 1854 1271 1930 καλούμενος
1288 1853 1440 1929 Θεοξένια,
1456 1858 1533 1927 τινὲς

510 1974 541 2037 δὲ
562 1972 614 2035 καὶ
635 1971 678 2035 τοὶ
697 1974 846 2049 Ἕρμαια·
869 1970 906 2034 τὸ
926 1968 956 2033 δὲ
978 1963 1068 2033 ἆθλόν
1083 1971 1145 2035 ε’στι
1160 1978 1285 2049 χλαῖνα.
1320 1970 1368 2034 ur
1384 1970 1534 2056 adjuncto

512 2088 643 2154 articulo
669 2088 709 2152 sd
731 2087 884 2151 Hermaea
906 2087 1057 2165 effeceris,
1081 2087 1145 2152 duo
1167 2110 1203 2153 ea
1226 2088 1346 2153 diverse
1367 2089 1534 2175 significari

512 2208 694 2273 certamina:
727 2214 860 2271 attamen
892 2228 929 2270 ex
961 2207 1088 2291 praemii
1118 2207 1213 2270 unius
1244 2208 1536 2273 commemoratione

512 2346 657 2410 apparere
687 2322 870 2401 credideris,
898 2323 993 2387 fuisse
1016 2323 1135 2388 eadem.
1182 2322 1331 2387 Similiter
1352 2324 1385 2387 in
1408 2322 1536 2389 scholiis

513 2440 552 2504 ad
575 2440 709 2504 eundem
732 2441 836 2504 locum
858 2440 1094 2505 recentioribus:
1118 2442 1246 2505 ἐτελεῖτο
1271 2441 1313 2504 τὰ
1329 2438 1466 2516 Θεοξένια
1480 2444 1534 2507 οιαὶ

512 2560 553 2623 τοὶ
572 2560 722 2638 Ἔρμιιιαε
747 2565 793 2622 et:
816 2558 929 2634 ἀγῶνές
952 2559 1004 2623 εἶσι
1028 2557 1166 2634 Θεοξένια
1187 2558 1237 2623 καὶ
1258 2557 1406 2636 Ἕρμαιαι
1428 2558 1483 2623 sed
1497 2560 1534 2624 in

512 2683 644 2759 utroque
674 2677 790 2761 pariter
812 2698 907 2740 unum
931 2674 1076 2760 idemque
1099 2674 1237 2740 lacernse
1260 2677 1429 2760 praemium
1451 2696 1536 2741 com·

512 2801 709 2858 memoratur.
743 2793 783 2857 Iu
803 2794 920 2857 scholio
936 2793 1103 2857 recentiore
1118 2792 1157 2856 ad
1174 2793 1256 2857 huuc
1271 2800 1412 2857 nostrum
1427 2792 1533 2857 locum

513 2917 634 2974 tautum
658 2910 809 2974 Hermaea
831 2918 1056 2976 memorantur:
1081 2910 1112 2974 iu
1135 2910 1231 2974 altero
1252 2910 1294 2975 rol
1306 2911 1441 2988 Ἕρμαια
1457 2909 1475 2985 ἢ
1491 2910 1538 2974 τὰ

512 3026 663 3103 Φιλοξένια
693 3028 761 3106 πρὸς
791 3026 980 3091 Ἀπόλλωνα.
1027 3026 1065 3090 Iu
1096 3025 1268 3091 veteribus:
1300 3028 1314 3091 ὁ
1345 3027 1478 3104 hidacio
1499 3028 1534 3091 ἐν

512 3147 647 3225 Πελλήνη
665 3144 797 3224 Ἕρμαια
819 3152 974 3210 καλεῖται·
998 3143 1109 3221 ἄγεται
1132 3145 1162 3209 δὲ
1184 3148 1291 3225 Ἑρμοῦ
1309 3147 1360 3210 οιαὶ
1376 3144 1535 3212 ’Aremo-

512 3289 556 3335 νος
587 3266 684 3343 ἑορτη,
715 3261 852 3338 Θεοξένια
882 3262 1039 3340 λεγομένη.
1086 3262 1145 3327 Et:
1178 3264 1268 3339 ἤνετο
1298 3263 1328 3327 δὲ
1355 3264 1370 3325 o'
1396 3265 1478 3340 οἱνῶν
1499 3264 1533 3328 ἕν

510 3384 647 3463 Πελλήνη
668 3383 709 3446 τοὶ
733 3381 875 3457 θεοξένια
898 3384 927 3445 ἒν
950 3388 1094 3461 χειμῶνι,
1119 3382 1159 3445 διδ
1181 3382 1229 3445 καὶ
1252 3384 1379 3461 χλαμὺς
1406 3380 1539 3463 (Boeek-

512 3500 583 3565 hius
611 3501 735 3580 χλοινὶς)
757 3500 871 3565 ἐδίδοτο.
918 3499 1064 3564 Scholion
1089 3507 1176 3563 vetus
1199 3499 1239 3563 ad
1261 3497 1313 3563 Ol.
1338 3498 1422 3564 XIII
1449 3502 1532 3565 155:

512 3618 529 3690 ἦ
552 3619 688 3691 Πελλήνη
711 3616 796 3687 πόλις
818 3626 873 3691 τῆς
896 3616 1047 3697 Ἀχαίας,
1071 3616 1141 3683 ὅπου
1168 3617 1209 3681 τοὶ
1232 3614 1403 3693 Φιλόξενια,
1426 3617 1477 3681 καὶ
1499 3619 1535 3681 αῖ

510 3742 637 3813 χλαῖναι
671 3735 802 3798 helenae
847 3733 889 3798 Et
922 3735 957 3799 in
990 3756 1053 3799 uuo
1084 3733 1202 3799 scholio
1234 3732 1274 3797 sd
1304 3732 1395 3798 Nem.
1429 3732 1458 3797 X
1491 3735 1536 3797 82

511 3859 719 3914 memorantur
746 3850 850 3916 eadem
875 3853 1028 3936 praemia,
1051 3859 1098 3915 at:
1119 3852 1137 3917 ό
1155 3850 1185 3915 δὲ
1201 3851 1283 3927 ἁγὼν
1295 3850 1382 3922 Διός·
1396 3858 1537 3916 καλεῖται

511 3968 541 4031 δὲ
571 3968 655 4032 Διἰἀ.
702 3967 744 4030 Et
773 3969 806 4032 in
830 3969 943 4033 altero:
970 3972 1003 4034 ἐκ
1024 3980 1077 4042 τοῖς
1100 3971 1254 4045 Πελλήνης
1277 3968 1306 4034 δὲ
1328 3970 1370 4033 τὰ
1395 3968 1539 4045 θεοξένια

510 4091 640 4157 νικῶντες
668 4088 809 4165 χλανίσιν
836 4086 1085 4163 ἐπιτηδειοτάταις
1116 4088 1310 4163 κοσμηθέντες
1333 4086 1536 4166 ἀνεχώρησαν.

513 4202 605 4286 Apud
629 4202 814 4269 Pausaniam
838 4227 908 4269 vero
932 4204 970 4268 L.
994 4204 1059 4268 VII
1083 4203 1118 4269 C.
1144 4202 1272 4267 XXVII
1292 4206 1308 4267 1
1327 4210 1539 4269 memorantur

511 4320 688 4385 Theoxenis
721 4322 863 4386 Pellenae
897 4323 1034 4407 Apollini
1065 4328 1257 4398 consecrata,
1290 4322 1321 4386 in
1352 4322 1465 4405 quibus
1489 4344 1538 4385 ar·

512 4447 623 4523 gentea
645 4440 779 4523 praemia
801 4440 875 4503 data
888 4441 1019 4517 fuerint,
1038 4448 1068 4504 et
1083 4441 1164 4505 cives
1179 4447 1302 4505 tautum
1318 4439 1383 4524 ejus
1400 4438 1535 4503 civitatis
