3725 5542
852 708 917 773 293

368 932 465 996 quum
489 910 595 975 ordine
619 910 765 994 postponi
788 909 900 986 soleat,
922 908 1055 974 debebat
1076 909 1222 993 anteponi
1237 909 1390 987 seeundo,

368 1050 465 1112 quum
488 1034 624 1112 tempore
647 1027 855 1112 praecesserit.

413 1146 484 1231 Ipse
508 1144 626 1223 Thero,
652 1153 817 1231 postquam
840 1166 894 1229 per
913 1144 1046 1208 sedecim
1065 1166 1162 1209 ouuos
1179 1146 1391 1231 Agrigentinis

368 1264 503 1351 praefuit
519 1286 639 1327 summo
655 1264 827 1348 aequitate,
845 1262 923 1327 obiit
939 1259 990 1327 Ol.
1006 1261 1162 1327 LXXVII
1179 1286 1260 1328 anno
1276 1264 1389 1350 primo:

368 1390 400 1447 et
423 1404 477 1468 per
499 1382 592 1445 vitam
618 1381 793 1445 carissimus
818 1379 952 1458 oivibrm,
973 1388 1004 1445 et
1020 1388 1091 1466 post
1106 1389 1236 1447 mortem
1251 1382 1390 1448 heroicos

366 1507 474 1565 uoetrrs
497 1500 638 1564 honores.
680 1498 781 1563 Filius
805 1520 876 1562 vero
900 1498 967 1583 ejus
989 1497 1205 1583 Thrssydoeus
1225 1501 1388 1585 jamdum

367 1624 453 1703 poter
483 1618 604 1683 vivebat
635 1617 768 1682 erudelis
803 1624 833 1681 et
864 1617 1141 1701 sanguinolentus,
1166 1625 1388 1702 postmortem

368 1738 432 1822 ejus
468 1742 578 1801 noetus
613 1736 777 1821 imperium
813 1736 927 1800 oinium
962 1734 1035 1799 odio
1067 1743 1097 1800 et
1128 1735 1207 1800 illud
1231 1737 1333 1801 emisit
1357 1744 1388 1801 et

368 1855 491 1919 funesto
514 1854 578 1919 foto
603 1875 716 1938 poenos
740 1853 810 1918 luit.
858 1852 952 1917 Diod.
977 1852 1037 1917 Sio.
1062 1852 1111 1917 XI
1135 1857 1188 1918 53.

413 2089 543 2154 Initium
574 2090 716 2153 carminis
747 2090 897 2154 imItondo
931 2090 1081 2175 expressit
1112 2089 1279 2170 Horatius,
1308 2090 1345 2155 L.
1370 2092 1386 2156 I

367 2207 417 2272 od.
442 2208 508 2273 XII

548 2325 651 2406 Quem
673 2325 774 2391 virum
798 2334 853 2391 out
876 2326 970 2391 heros
992 2328 1058 2412 lyro
1080 2327 1130 2393 vel
1153 2328 1214 2392 sori

548 2444 638 2509 Tibis
660 2445 755 2508 sumis
779 2444 933 2510 celebrare
957 2444 1044 2522 Olio,

547 2560 647 2641 Quem
672 2562 785 2627 deum?

326 2740 328 2743 .
413 2684 444 2744 4.
480 2679 528 2744 De
557 2679 647 2744 Pisae
677 2681 906 2745 consecratione
932 2679 1004 2744 Jovi
1033 2687 1065 2745 et
1088 2679 1220 2744 conditis
1244 2679 1283 2744 ab
1306 2679 1384 2745 Her-

365 2797 433 2863 cule
456 2797 540 2862 ludis
564 2796 715 2883 Olympiis
739 2805 839 2862 totum
860 2798 921 2863 fere
942 2805 988 2863 est
1007 2820 1129 2862 eormeu
1145 2797 1326 2882 Olympium
1342 2796 1382 2862 X.

412 2918 440 2981 7.
475 2912 618 2996 θκρθθινα.
654 2914 713 2979 Vel
741 2916 817 2995 hoe,
846 2915 893 2980 vel
915 2916 1060 2996 ἀκροθίνια
1066 2965 1076 2998 ,
1102 2914 1258 2979 derivetur
1281 2938 1299 2978 a
1321 2916 1381 2998 θὶς,

364 3055 499 3098 ooervus.
546 3033 721 3098 zenodotus
753 3032 867 3117 aliique
898 3033 1008 3098 dieunt
1037 3033 1203 3118 significari
1230 3033 1381 3120 primitius

364 3172 401 3215 ex
424 3172 529 3215 acervo
552 3151 677 3236 frugum
700 3150 877 3237 decerptos,
902 3151 978 3218 inde
998 3173 1070 3216 vero
1093 3151 1229 3236 cujusvis
1253 3152 1298 3215 rei
1321 3151 1382 3236 pri-

365 3268 485 3333 mitias:
521 3271 599 3341 θῖνας
634 3270 715 3335 euim
751 3270 874 3355 proprie
906 3269 1078 3354 significare
1101 3291 1224 3333 acervos
1247 3270 1382 3355 frugum.

364 3384 431 3451 Neo
454 3409 568 3472 pugno.
609 3386 750 3452 Fortasse
773 3394 877 3452 tamen
900 3388 941 3461 θὶς
965 3388 1089 3472 proprie
1112 3386 1192 3452 nihil
1216 3387 1300 3452 eliud
1325 3389 1384 3472 sig·

363 3505 469 3570 uifioot
491 3505 550 3570 nisi
574 3528 730 3571 acervum:
754 3527 811 3570 neo
834 3505 925 3590 longe
949 3505 987 3570 ab
1004 3528 1039 3571 eo
1056 3506 1279 3591 significatione
1295 3506 1381 3571 obest

363 3623 547 3707 significatio
571 3624 769 3688 usitatissImo
791 3623 904 3688 litoris:
931 3632 967 3688 ut
986 3625 1129 3706 depotitio
1144 3625 1383 3710 significaverint

363 3763 504 3806 ooervum
534 3762 642 3806 sreuee
672 3736 719 3806 vel
743 3741 889 3807 foliorum
912 3742 960 3807 vel
983 3743 1119 3829 cujusvis
1143 3743 1188 3807 rei
1211 3742 1381 3827 ejusmodi,

362 3858 497 3943 positum
527 3858 560 3923 in
591 3860 767 3925 memorium
800 3860 956 3925 victoriae.
1004 3860 1048 3925 Ut
1074 3860 1147 3925 iude
1170 3861 1203 3925 iu
1226 3882 1380 3926 sacrarum

361 3977 577 4042 manubiorum
600 3977 856 4061 significationem
879 3978 1065 4043 vocobulum
1089 3978 1255 4044 transierit.
1295 3978 1381 4043 Heeo

362 4096 444 4159 euim
467 4094 651 4180 significatio
676 4096 807 4161 monime
831 4097 946 4161 usitate
970 4103 1031 4162 est:
1056 4096 1142 4162 velut
1161 4095 1276 4161 Herod.
1297 4095 1381 4159 VIII

366 4214 426 4276 121
461 4220 534 4278 τοῖσι
569 4214 652 4279 θεοῖσι
687 4213 795 4291 ἐξεῖλον
825 4216 969 4296 ἀκροθίνια
998 4214 1083 4280 ἄλλα
1112 4240 1147 4280 τε
1177 4214 1227 4279 καὶ
1250 4216 1380 4295 τριήρεις

361 4338 435 4410 τρεῖς
467 4331 628 4404 Φοινίσσας.
675 4332 769 4417 Apud
799 4330 1001 4429 Sophoclem,
1033 4333 1143 4398 Trsoh.
1174 4335 1236 4398 751
1262 4332 1378 4397 Herou-

362 4449 406 4513 les
429 4448 542 4513 dieitur
