3725 5542
831 725 893 783 3111

357 931 397 995 Et
427 928 508 1016 apud
539 927 716 993 Strabonem
740 926 778 990 L.
802 924 885 989 XIII
908 948 938 1011 p.
963 927 1025 990 627
1052 924 1268 1010 Fragmentum
1293 923 1368 1011 Pin3

356 1050 439 1127 dari,
464 1048 545 1135 apud
569 1047 723 1133 Heynium
747 1045 836 1131 Spin.
863 1044 900 1123 V,
925 1042 1007 1131 apud
1030 1043 1221 1109 Boeckhium
1245 1046 1305 1107 93:

538 1167 622 1247 Κοίνῳ
644 1168 697 1243 μὲν
721 1164 814 1229 Αίινα
838 1164 943 1241 δεσμὸς
967 1165 1145 1244 ὑπερφίαλος

537 1284 738 1367 Ἀμφίκειται.

362 1408 403 1471 nt
434 1406 465 1469 iu
497 1403 557 1468 alio
588 1401 713 1467 Pindari
744 1402 913 1485 fragmento
944 1399 1059 1465 ibidem
1090 1399 1183 1465 allato
1206 1400 1370 1487 Typhoeus

360 1523 532 1609 appellatur
562 1505 903 1604 πεντηκοντακέφαλος;’
917 1542 1024 1584 rursus
1047 1542 1118 1584 vero
1142 1519 1196 1604 Py.
1221 1519 1303 1584 VIII
1327 1523 1369 1584 20

360 1642 579 1722 ἑκατόγκρανος.
598 1640 644 1705 De
657 1640 804 1725 Typhone
817 1638 906 1704 Cous.
917 1638 1044 1703 Hesiod.
1053 1638 1169 1725 Theog.
1184 1642 1370 1704 eto-868.

410 1763 459 1825 ll.
494 1756 567 1825 ίπον.
604 1758 811 1845 Muscipulam
835 1758 960 1843 quidem
983 1758 1153 1844 significat,
1178 1759 1231 1823 sed
1248 1762 1373 1825 omnino

362 1900 473 1963 urgens
498 1886 527 1943 et
553 1900 691 1963 premens
715 1899 801 1942 onus.
827 1875 921 1962 Apud
946 1876 1057 1941 Aeseh.
1083 1877 1183 1941 Prom.
1209 1880 1273 1940 365
1291 1879 1371 1943 idem

362 1998 491 2084 Typhon

541 2122 634 2181 κεῖσαι
657 2120 803 2181 στενωποῦ
827 2115 948 2189 πλησίον
971 2117 1130 2181 ύαλασσίον

541 2235 690 2313 ἰπούμενος
713 2234 830 2317 ῥίζαισιν
853 2235 1006 2307 Αἰτναίαις
1029 2233 1094 2300 ὕπο.

369 2354 431 2418 Ubi
454 2376 509 2439 pro
533 2354 698 2432 ἰπούμενος,
723 2353 804 2438 quod
829 2362 874 2417 est
896 2354 929 2417 in
950 2352 1054 2418 codiee
1071 2352 1224 2432 Medione,
1242 2354 1376 2419 inlibris

369 2475 460 2537 etiam
491 2482 538 2538 est
568 2474 750 2551 ἰπνούμενοςι
774 2481 806 2536 at
829 2472 993 2537 scholiasta
1016 2496 1113 2537 unns:
1138 2498 1183 2553 γρ,
1207 2476 1375 2550 ἰπούμενος,

368 2593 432 2659 οἰντί
463 2598 514 2658 τοῦ
543 2591 753 2672 βαρυνόμενος,
785 2594 872 2669 ἤγουν
898 2590 1117 2670 σφιγγόμενος,
1141 2595 1201 2667 ἤτοι
1225 2592 1378 2670 παγιίενύ-

368 2736 462 2789 μενος.
486 2711 550 2784 ίπος
574 2712 624 2795 (an
647 2706 722 2793 ἰπος)
745 2712 804 2791 γοίρ
828 2714 845 2787 ἡ
868 2710 963 2788 παγίς
985 2716 1041 2776 σῶν
1064 2717 1143 2787 μνῶν
1162 2711 1223 2777 οἰπὸ
1236 2719 1287 2777 τοῦ
1303 2710 1377 2777 ἰππιο

369 2831 402 2897 τί
424 2830 566 2909 βλοίππω.
595 2829 636 2894 Et
658 2829 799 2894 Eustath.
825 2828 863 2893 ad
886 2828 925 2893 Il.
950 2828 967 2892 I
991 2832 1010 2893 3
1034 2831 1115 2895 ίποίιν
1137 2832 1217 2910 ῥῆμα
1238 2830 1303 2895 οίνπί
1327 2836 1378 2896 τοῦ

370 2950 520 3027 βλάπτειν
551 2950 632 3027 παρὰ
658 2952 699 3029 τῷ
722 2950 865 3030 Αἰσχύλῳ
887 2948 937 3013 καί
960 2950 1042 3030 παροί
1064 2950 1105 3030 σῷ
1129 2953 1266 3031 Καμικῷ,
1290 2952 1378 3030 ἐντῷ

371 3070 515 3147 ἰπούμενοι
538 3076 604 3141 ταῖς
624 3070 781 3150 εἰσφοραῖς.
806 3068 871 3149 Qui
886 3068 973 3133 loeus
989 3076 1036 3133 est
1053 3068 1210 3155 Aristoph.
1228 3068 1285 3154 uq.
1303 3072 1378 3134 924.

421 3190 470 3252 16.
507 3186 634 3273 Saepius
665 3188 798 3251 carmina
829 3210 883 3252 sna
914 3189 1128 3273 sempiternam
1157 3188 1284 3274 gloriam
1308 3188 1380 3254 dare

372 3314 518 3372 testatur:
543 3305 629 3370 velut
651 3302 701 3369 Ol.
726 3304 774 3369 XI
800 3309 828 3369 5.

420 3427 470 3489 18.
506 3424 656 3503 Ψαύμιδος
687 3424 746 3499 ίίιιει
776 3424 877 3505 ύχίοιν.
913 3423 1042 3488 Carmen
1074 3423 1203 3501 festum,
1231 3426 1380 3504 ύιιῶμος,

372 3542 473 3620 venit,
498 3542 772 3626 (1111111311αῶμος
799 3540 891 3621 ὀχέων
914 3542 1080 3619 Ψαύμιδος,
1106 3542 1125 3605 1.
1150 3564 1175 3605 e.
1201 3564 1297 3626 quum
1316 3542 1383 3607 rhe-

374 3659 430 3724 dae
453 3658 625 3725 Psanmidis
649 3660 857 3725 laudationem
881 3662 1046 3725 contineat.

420 3782 472 3843 22.
504 3786 621 3851 λοιπαῖς
644 3781 760 3861 εὐχαῖς.
784 3778 872 3860 Quae
896 3780 949 3844 illa
972 3780 1091 3865 reliqua
1107 3787 1178 3844 vota
1193 3780 1270 3855 siut,
1289 3778 1383 3843 Poeta

377 3898 523 3963 hocloco
547 3921 608 3963 uon
632 3898 772 3984 explicat.
819 3898 912 3980 Quod
936 3910 1037 3964 tamen
1061 3922 1150 3985 saepe
1174 3898 1272 3963 faeere
1288 3899 1381 3962 solet:

377 4017 462 4081 velut
492 4015 542 4081 Ol.
575 4018 590 4081 I
618 4019 679 4082 1711
706 4016 833 4082 Hieroni
858 4026 945 4103 optat
968 4018 1105 4083 curulem
1130 4018 1296 4082 victoriam.
1344 4017 1384 4081 111

376 4134 502 4199 fortasse
522 4136 584 4221 jam
609 4135 658 4199 vix
681 4134 741 4199 alia
765 4134 858 4200 Poeta
881 4134 1033 4221 precando
1056 4136 1225 4221 significat,
1257 4135 1317 4199 nisi
1337 4138 1385 4219 ju-

377 4253 509 4319 cundam
533 4262 736 4319 senectutem:
762 4276 836 4341 ques
861 4256 1004 4341 exprimit
1027 4276 1129 4341 preces
1156 4251 1180 4313 V
1204 4257 1257 4317 49.

424 4374 475 4436 22.
512 4374 578 4437 ἐπεί
604 4397 663 4449 μιν.
699 4371 779 4437 Sunt
811 4373 867 4437 hae
899 4396 1027 4451 causae,
1059 4394 1153 4458 quare
1186 4379 1326 4457 precetur
1356 4386 1386 4437 et

379 4489 459 4555 bona
490 4500 606 4577 speret,
639 4492 754 4577 positae
784 4494 816 4555 in
849 4495 971 4557 viatoris
1003 4493 1116 4578 pietate
1148 4498 1178 4553 et
1209 4491 1385 4556 virtutibus.
