3725 5542
859 716 897 777 71

361 934 446 995 quas
476 913 545 997 quis
577 934 633 975 suo
661 913 775 977 honore
800 912 886 977 vivus
909 913 1069 979 fraudatus
1093 937 1202 1000 passus
1226 924 1290 991 est,
1315 921 1387 998 post

363 1036 497 1093 mortem
521 1038 706 1115 compensat.
747 1030 894 1115 Exemplo
919 1032 959 1094 sit
982 1033 1070 1116 Ajax.
1106 1032 1198 1097 Ganit
1217 1032 1383 1097 Pindarus:

362 1146 458 1231 „llgo
480 1148 624 1231 majorem
649 1148 738 1212 credo
762 1149 872 1211 lamam
892 1148 1024 1232 Ulyssis‚
1042 1172 1135 1234 quam
1150 1150 1238 1213 lactis
1255 1152 1383 1227 meruit,

361 1265 520 1329 exstitisse
543 1273 667 1350 propter·
690 1266 858 1331 Homerum
883 1267 1110 1351 suaviloquum.
1158 1266 1239 1333 Nam
1263 1270 1386 1333 menda·

362 1382 423 1445 ciis
448 1383 512 1466 ejus
535 1389 566 1446 et
588 1384 644 1446 arti
669 1384 759 1447 celeri
784 1384 869 1448 adest
892 1384 1009 1468 aliquid
1034 1384 1118 1468 quod
1141 1386 1182 1448 sit
1197 1387 1383 1451 venerabile:

361 1500 515 1583 sapientia
538 1499 652 1584 decipit
676 1500 830 1565 abducens
855 1502 1062 1565 sermonibus:
1083 1525 1207 1567 caecum
1224 1503 1317 1568 habet
1333 1528 1385 1568 cor

362 1616 538 1681 multitudo
565 1616 723 1682 hominum
748 1620 889 1683 maxima.
937 1618 1019 1682 Nam
1042 1620 1067 1682 si
1092 1620 1135 1683 ita
1158 1629 1254 1698 esset,
1279 1630 1315 1684 ut
1338 1644 1386 1685 ve-

362 1737 489 1801 ritatem
512 1736 644 1813 videret,
669 1760 731 1801 non
755 1744 880 1822 propter
896 1760 979 1801 arma
995 1738 1090 1801 iratus
1107 1739 1184 1823 Ajox
1200 1740 1314 1803 fixisset
1332 1762 1386 1825 per

361 1876 420 1917 cor
444 1876 541 1917 acrem
565 1853 716 1937 gladium:
742 1876 834 1937 quem
858 1877 952 1918 marru
971 1855 1172 1918 fortissimum
1192 1864 1263 1940 post
1282 1857 1385 1921 Achil·

362 1972 426 2034 lem
458 1970 606 2035 celeribus
639 1970 767 2034 navibus
800 1972 950 2035 miserunt
972 1971 1103 2057 Zephyri
1126 1972 1165 2035 ad
1188 1972 1241 2035 Ilii
1264 1974 1382 2038 urbem.

362 2088 484 2151 Verum
515 2087 597 2151 cuim
628 2089 799 2153 eommunis
831 2089 913 2153 venit
944 2088 1042 2152 Hadia
1073 2090 1205 2166 fluctus,
1237 2092 1321 2155 cadit
1350 2092 1383 2155 in

364 2204 593 2289 imprudentem
625 2214 654 2269 et
685 2206 717 2269 in
748 2182 977 2290 prdvidentem:
1007 2207 1074 2270 laus
1097 2230 1167 2271 vero
1190 2230 1295 2272 eorum
1319 2217 1383 2285 cst,

363 2344 499 2406 quorum
522 2330 714 2387 mortuorum
739 2344 862 2387 suavem
886 2323 998 2387 famam
1021 2333 1115 2408 auget
1134 2324 1251 2389 Deus.’'
1267 2328 1289 2407 ¹)
1327 2325 1385 2389 Vc-

363 2441 487 2504 ritatem
521 2462 611 2525 ergo,
647 2462 738 2523 quam
775 2462 836 2503 nou
872 2442 1015 2525 cognorit
1045 2441 1157 2525 vulgus
1188 2443 1383 2522 mortalium,

365 2558 483 2623 musica
515 2558 659 2622 vindicat.
706 2556 766 2622 Sed
797 2581 875 2642 quae
907 2558 1000 2623 luerit
1025 2560 1088 2644 jem
1111 2560 1185 2624 olim
1209 2562 1383 2625 obscuratio

368 2677 448 2754 veri,
473 2677 527 2760 qui
551 2677 614 2740 ficti
633 2698 800 2754 sermones,
818 2698 975 2761 quamque
990 2697 1041 2741 eos
1057 2686 1214 2742 aversatus
1229 2678 1383 2746 Pindarus

367 2818 469 2861 veram
499 2794 622 2859 laudem
649 2804 680 2859 et
711 2796 808 2880 ipsam
841 2796 1000 2859 veritatem
1023 2798 1186 2875 amaverit,
1210 2799 1384 2881 praeclaris-

365 2916 442 2978 aime
465 2913 646 2991 declaravit,
671 2914 806 2999 ejusdem
832 2914 936 2998 Ajacia
959 2936 1034 2977 usus
1058 2914 1213 2999 exemplo,
1230 2916 1296 3000 ipse
1312 2939 1383 2980 vero

365 3035 415 3099 sui
438 3032 534 3097 studii
557 3032 731 3117 exemplum
753 3032 945 3115 relinquens,
970 3032 1055 3115 quod
1078 3032 1198 3097 utinam
1213 3033 1380 3118 aliquando

366 3158 552 3235 sequantur,
584 3157 737 3234 quotquot
764 3151 924 3235 attingunt
947 3151 1112 3215 musicam!
1139 3151 1257 3214 utinam
1281 3174 1381 3216 veram

365 3268 488 3333 laudem
515 3266 689 3352 praedicent
713 3267 871 3351 ipsiusque
894 3266 1031 3331 veritatis
1055 3267 1226 3351 suscipiant
1246 3268 1385 3332 vaticini-

364 3410 437 3464 um,
461 3394 617 3471 quotquot
641 3385 817 3468 quatumvis
840 3384 999 3449 literarum
1022 3384 1127 3449 studio
1143 3408 1176 3449 se
1191 3385 1263 3449 ferri
1279 3387 1381 3470 ajunt!

365 3504 426 3569 Sed
458 3503 611 3568 Pindarus
640 3502 730 3566 haee:
755 3502 868 3579 „Nova
890 3502 1015 3566 inventa
1036 3501 1156 3566 tradere
1178 3502 1212 3566 in
1231 3501 1384 3586 iudicium

366 3620 569 3687 examinanda
581 3620 799 3705 periculosum
823 3630 885 3685 est:
911 3621 998 3685 cibus
1018 3630 1091 3684 sunt
1105 3620 1241 3684 carmina
1255 3620 1382 3684 invidis:

365 3738 544 3824 aggreditur
571 3738 687 3802 invidia
710 3738 790 3802 bona
814 3760 950 3823 semper,
975 3738 1120 3802 adversus
1144 3738 1293 3802 deteriora
1319 3761 1383 3803 non

366 3866 494 3942 pugnat.
541 3856 602 3921 llla
636 3856 727 3921 etiam
763 3856 937 3921 Telamonis
969 3856 1067 3921 filium
1097 3857 1188 3942 fregit
1217 3842 1249 3922 et
1278 3858 1384 3943 injecit

366 3974 480 4059 gladio.
527 3974 716 4037 Indisertum
747 3996 819 4037 sane
851 3973 986 4057 aliquem
1009 3973 1063 4037 sed
1086 3973 1178 4038 corde
1200 3974 1310 4038 fortem
1333 3975 1385 4039 ole

366 4092 441 4155 livio
472 4090 578 4155 domat
607 4090 639 4155 in
670 4098 749 4155 tetro
777 4092 898 4176 jurgio:
926 4091 1094 4155 maximum
1118 4092 1201 4156 vario
1223 4091 1383 4155 mendacio

367 4208 538 4295 praemium
562 4209 755 4301 propositum
779 4216 833 4273 est.
870 4207 951 4272 Nam
968 4207 1167 4273 clandestinis
1181 4210 1215 4272 in
1230 4208 1384 4292 suffragiis

404 4483 428 4545 ι)
445 4484 510 4532 um.
534 4482 592 4532 arr.
611 4482 717 4531 aa-aa.
