3725 5542
991 726 1057 789 880

518 925 584 989 reis.
609 924 729 1005 Quodsi
752 949 813 991 non
836 928 920 1012 prius
944 927 986 991 ibi
1009 928 1124 1004 iuerat,
1148 927 1302 1011 quomodo
1316 927 1392 991 scire
1407 926 1523 1011 potuit,

519 1066 550 1107 ss
580 1044 623 1109 ibi
651 1044 721 1108 illus
747 1046 868 1110 arbores
892 1046 1089 1111 inventurum
1111 1068 1194 1123 esse,
1217 1046 1390 1131 aptissimas
1413 1044 1524 1109 Pisae?

519 1185 589 1227 nam
619 1186 680 1227 non
711 1186 746 1227 eo
777 1163 904 1228 consilio
936 1165 1069 1249 primum
1099 1165 1252 1249 proiectus
1282 1174 1347 1229 est:
1371 1164 1524 1229 admirans

432 1368 434 1375 Ι
497 1282 596 1346 ¹enim
621 1285 773 1359 constitit,
798 1306 894 1367 quum
917 1283 986 1347 illas
1008 1283 1192 1368 adspiceret,
1216 1305 1250 1345 vs
1270 1286 1323 1348 57.
1346 1281 1437 1347 Prius
1452 1304 1524 1367 ergo

515 1402 581 1486 ejus
604 1401 662 1465 iter
684 1401 743 1465 init
766 1400 804 1465 sd
827 1425 946 1467 cervam
968 1400 1163 1486 capiendam,
1188 1402 1339 1485 posterius
1357 1401 1397 1465 ad
1412 1401 1522 1465 olivam

515 1519 687 1605 petendum.
733 1520 806 1605 Ipsa
840 1522 1002 1585 manifesto
1035 1520 1129 1606 hujus
1158 1521 1300 1585 carminis
1330 1521 1463 1585 narratio
1493 1527 1524 1583 et

503 1639 589 1734 ‘ordo
612 1639 670 1703 hoc
695 1639 792 1703 docet.
840 1638 884 1701 Vs
908 1642 951 1703 24
973 1640 1030 1704 τόν
1051 1664 1141 1716 ποτε,
1170 1662 1232 1703 rem
1256 1639 1352 1703 Poets
1373 1639 1524 1724 significet

516 1758 668 1834 universe,
693 1756 856 1821 Herculem
880 1758 1005 1843 petitam
1022 1779 1060 1820 er
1075 1756 1280 1842 Hyperboreis
1295 1757 1406 1821 olivam
1420 1756 1525 1841 Olym·

514 1876 582 1961 piae
606 1877 760 1963 posuisse:
784 1886 851 1939 tum
874 1898 908 1939 vs
931 1878 974 1939 4⁰
998 1898 1120 1940 causam
1144 1876 1257 1961 aperit,
1280 1898 1377 1961 quum
1400 1874 1523 1940 nuditas

514 1993 572 2057 loci
603 1994 630 2057 ci
661 1993 851 2079 displiceret:
883 2016 917 2056 vs
948 1997 990 2056 45
1019 1994 1054 2068 δὴ
1075 1994 1160 2071 τότε,
1184 1994 1282 2079 ipsam
1304 1994 1523 2078 prosectionem

390 2128 395 2139 ·
514 2112 664 2197 significat
694 2113 732 2178 sd
765 2113 927 2197 petendam
954 2112 1076 2177 olivam.
1123 2112 1199 2176 Mor
1220 2134 1308 2190 vero,
1332 2115 1393 2190 46,
1415 2115 1524 2191 Ἰστρία

508 2246 553 2297 νιν
575 2232 659 2309 ἔνθα,
683 2233 885 2296 narrationem
909 2231 1077 2316 interponit
1098 2230 1137 2295 ‹le
1159 2232 1259 2316 priore
1272 2231 1396 2308 itinere,
1412 2232 1446 2297 in
1460 2254 1522 2318 qno

514 2349 601 2413 illurn
637 2348 796 2413 admuroo
831 2349 929 2413 olivae
959 2358 1089 2434 ceperat.
1135 2349 1294 2415 Praeterea
1321 2348 1522 2414 differentiam

514 2469 657 2533 itinerum
689 2467 784 2533 Poeta
814 2490 849 2532 co
880 2467 1033 2546 ostendit,
1064 2468 1147 2554 quod
1177 2470 1208 2532 in
1236 2490 1340 2533 cervae
1363 2469 1523 2533 venatione

515 2587 679 2659 Herculem
710 2610 728 2651 a
761 2586 860 2651 Diana
892 2600 1054 2672 exceptum
1082 2610 1148 2652 asse
1169 2587 1267 2663 dicut,
1292 2588 1463 2652 venientem
1486 2609 1523 2651 er

514 2707 660 2771 mooun:
691 2729 774 2772 nunc
798 2728 868 2771 vero
892 2706 1031 2771 veniebat
1054 2728 1091 2771 ex
1114 2706 1219 2771 lllidc:
1244 2720 1311 2771 tum
1334 2728 1404 2771 enm
1426 2706 1523 2793 impu·

513 2825 589 2889 lerst
611 2828 774 2891 necessitas
797 2835 828 2890 et
850 2826 1011 2910 imperium
1035 2824 1215 2910 Eurysthei:
1240 2848 1323 2889 nuno
1345 2825 1521 2911 impellebat

514 2948 643 3011 animus.
809 3014 815 3029 ,

558 3067 611 3129 36.
645 3064 778 3143 ἑσπέραις.
813 3064 976 3128 Genitivus
1007 3064 1161 3147 temporis.
1197 3060 1286 3127 Oonf.
1313 3062 1367 3148 Py.
1397 3062 1443 3127 IV
1468 3066 1519 3128 70.

558 3187 611 3248 36.
646 3180 709 3248 ὅλον
739 3184 901 3261 ὀφθαλμόν.
946 3180 1077 3246 Plenum
1109 3180 1252 3259 oculum,
1281 3181 1307 3245 'i.
1338 3205 1365 3246 e.
1397 3182 1521 3267 plenum

514 3302 723 3388 splendorem,
756 3300 947 3386 plenitudine
976 3300 1067 3365 lunae
1089 3300 1129 3364 sd
1150 3299 1343 3385 splendorem
1365 3299 1521 3365 translata

513 3421 691 3504 Ὀφθαλμὸς
715 3432 746 3483 et
767 3419 853 3497 ὄμμα
875 3418 1061 3504 quandoque
1082 3418 1229 3483 dicuutur
1247 3419 1286 3483 de
1301 3442 1338 3484 eo
1353 3420 1438 3505 qnod
1452 3442 1523 3483 con·

515 3541 671 3627 spiciatur.
696 3538 844 3603 Similiter
866 3538 960 3627 Soph,
985 3541 1058 3603 Ant.
1083 3542 1146 3603 879
1169 3539 1327 3615 λαμπάδος
1350 3539 1421 3619 ἱερὸν
1437 3538 1523 3615 ὄμμα

516 3659 554 3723 de
580 3658 653 3723 solis
677 3656 837 3743 splendore
860 3656 982 3721 dicitur.
1028 3656 1130 3721 Etiam
1152 3656 1260 3738 δέδορκε
1282 3656 1333 3720 01.
1357 3655 1374 3719 I
1400 3658 1461 3719 152
1485 3655 1523 3719 de

516 3778 676 3865 splendore
698 3775 822 3841 dicitur.

562 3900 614 3963 36.
649 3894 823 3975 ἐπέφλεξε.
860 3894 1024 3981 Fulgorem
1046 3894 1195 3981 praebuit

562 4018 615 4082 37.
650 4015 757 4092 ἁγνὰν.
793 4014 952 4093 Sancum,
975 4016 1192 4101 incorruptam.

563 4137 615 4198 39.
649 4134 726 4208 θῆκε.
762 4130 834 4195 Non
862 4140 943 4197 recte
966 4132 1106 4218 Heynius
1129 4132 1302 4218 subjectum
1325 4130 1418 4213 hujus
1441 4128 1524 4193 verbi

517 4276 582 4319 esse
607 4261 694 4337 putut
716 4251 852 4328 Lusium,
876 4260 1032 4337 tamquam
1055 4259 1190 4337 tempus,
1210 4272 1273 4337 quo
1289 4250 1343 4315 illa
1356 4250 1437 4313 facta
1451 4250 1522 4313 sint.

520 4372 576 4435 nst
606 4369 764 4435 Hercules.
810 4368 958 4434 Similiter
987 4369 1065 4434 Xen.
1097 4369 1196 4434 Anab.
1226 4367 1264 4432 L
1294 4368 1311 4431 I
1341 4366 1376 4431 0.
1405 4366 1440 4431 II
1466 4369 1522 4429 10:

521 4492 619 4562 Ξενίας
648 4491 690 4556 τὰ
720 4490 839 4555 Λύκαια
868 4486 950 4553 ἔθυσε
979 4490 1029 4553 καὶ
1056 4490 1160 4566 alysius
1184 4487 1275 4562 ἔθηκε.
1321 4486 1410 4551 Pans.
1433 4484 1470 4549 L.
1494 4484 1523 4547 V
