<?xml version="1.0" encoding="UTF-8"?>
<!DOCTYPE html PUBLIC "-//W3C//DTD XHTML 1.0 Transitional//EN"
    "http://www.w3.org/TR/xhtml1/DTD/xhtml1-transitional.dtd">
<html xmlns="http://www.w3.org/1999/xhtml" xml:lang="en" lang="en">
 <head>
  <title>
</title>
<meta http-equiv="Content-Type" content="text/html;charset=utf-8" />
  <meta name='ocr-system' content='tesseract 3.04.00' />
  <meta name='ocr-capabilities' content='ocr_page ocr_carea ocr_par ocr_line ocrx_word'/>
</head>
<body>
  <div class='ocr_page' id='page_1' title='image "./pindaricarminao01pindgoog_0579.png"; bbox 0 0 3725 5542; ppageno 0'>
   <div class='ocr_carea' id='block_1_1' title="bbox 816 762 878 823">
    <p class='ocr_par' dir='ltr' id='par_1_1' title="bbox 816 762 878 823">
     <span class='ocr_line' id='line_1_1' title="bbox 816 762 878 823; baseline -0.016 0"><span class='ocrx_word' id='word_1_1' title='bbox 816 762 878 823; x_wconf 79' lang='lat'>565</span> 
     </span>
    </p>
   </div>
   <div class='ocr_carea' id='block_1_2' title="bbox 302 958 1354 3254">
    <p class='ocr_par' dir='ltr' id='par_1_2' title="bbox 339 958 1349 1164">
     <span class='ocr_line' id='line_1_2' title="bbox 628 958 1056 1041; baseline -0.002 -15"><span class='ocrx_word' id='word_1_2' title='bbox 628 961 750 1027; x_wconf 79' lang='grc' dir='ltr'><strong><em>Μοῦσαί</em></strong></span> <span class='ocrx_word' id='word_1_3' title='bbox 770 960 794 1026; x_wconf 75' lang='grc' dir='ltr'>θ’</span> <span class='ocrx_word' id='word_1_4' title='bbox 817 958 926 1037; x_wconf 76' lang='grc' dir='ltr'>ὕμνοισι</span> <span class='ocrx_word' id='word_1_5' title='bbox 947 966 1056 1041; x_wconf 79' lang='grc' dir='ltr'><strong><em>χορῶν,</em></strong></span> 
     </span>
     <span class='ocr_line' id='line_1_3' title="bbox 339 1076 1349 1164; baseline -0.001 -21"><span class='ocrx_word' id='word_1_6' title='bbox 339 1090 370 1144; x_wconf 89' lang='lat' dir='ltr'>et</span> <span class='ocrx_word' id='word_1_7' title='bbox 381 1081 464 1164; x_wconf 88' lang='lat' dir='ltr'>ipsae</span> <span class='ocrx_word' id='word_1_8' title='bbox 477 1080 600 1143; x_wconf 75' lang='lat' dir='ltr'><strong>Gratiae</strong></span> <span class='ocrx_word' id='word_1_9' title='bbox 612 1078 758 1142; x_wconf 86' lang='lat' dir='ltr'>dicuntur</span> <span class='ocrx_word' id='word_1_10' title='bbox 768 1077 850 1163; x_wconf 85' lang='lat' dir='ltr'>apud</span> <span class='ocrx_word' id='word_1_11' title='bbox 859 1077 989 1141; x_wconf 88' lang='lat' dir='ltr'>eundem</span> <span class='ocrx_word' id='word_1_12' title='bbox 998 1078 1137 1158; x_wconf 74' lang='grc' dir='ltr'><strong><em>χοροποοοὶ</em></strong></span> <span class='ocrx_word' id='word_1_13' title='bbox 1147 1076 1262 1142; x_wconf 91' lang='lat' dir='ltr'>Phoen.</span> <span class='ocrx_word' id='word_1_14' title='bbox 1275 1082 1349 1143; x_wconf 89' lang='grc'><strong>788.</strong></span> 
     </span>
    </p>

    <p class='ocr_par' dir='ltr' id='par_1_3' title="bbox 337 1192 1348 1397">
     <span class='ocr_line' id='line_1_4' title="bbox 386 1192 1348 1273; baseline 0.002 -15"><span class='ocrx_word' id='word_1_15' title='bbox 386 1198 436 1259; x_wconf 82' lang='lat'>14.</span> <span class='ocrx_word' id='word_1_16' title='bbox 472 1197 588 1271; x_wconf 77' lang='grc' dir='ltr'>ταμίαι.</span> <span class='ocrx_word' id='word_1_17' title='bbox 629 1194 717 1258; x_wconf 78' lang='lat' dir='ltr'>Geni.</span> <span class='ocrx_word' id='word_1_18' title='bbox 749 1193 800 1273; x_wconf 83' lang='lat' dir='ltr'>Ol.</span> <span class='ocrx_word' id='word_1_19' title='bbox 833 1192 917 1257; x_wconf 85' lang='lat' dir='ltr'>XIII</span> <span class='ocrx_word' id='word_1_20' title='bbox 949 1198 979 1257; x_wconf 97' lang='grc'>9.</span> <span class='ocrx_word' id='word_1_21' title='bbox 1027 1193 1120 1258; x_wconf 83' lang='lat' dir='ltr'>Haud</span> <span class='ocrx_word' id='word_1_22' title='bbox 1157 1194 1348 1260; x_wconf 74' lang='lat' dir='ltr'>dissimiliter</span> 
     </span>
     <span class='ocr_line' id='line_1_5' title="bbox 337 1311 1261 1397; baseline -0.001 -22"><span class='ocrx_word' id='word_1_23' title='bbox 337 1312 432 1376; x_wconf 82' lang='lat' dir='ltr'>Poeta</span> <span class='ocrx_word' id='word_1_24' title='bbox 455 1334 487 1376; x_wconf 89' lang='lat' dir='ltr'>se</span> <span class='ocrx_word' id='word_1_25' title='bbox 509 1313 575 1397; x_wconf 87' lang='lat' dir='ltr'>ipse</span> <span class='ocrx_word' id='word_1_26' title='bbox 598 1311 732 1397; x_wconf 86' lang='lat' dir='ltr'>appellat</span> <span class='ocrx_word' id='word_1_27' title='bbox 753 1313 866 1389; x_wconf 78' lang='grc' dir='ltr'><strong><em>ταμίαν</em></strong></span> <span class='ocrx_word' id='word_1_28' title='bbox 889 1314 1008 1387; x_wconf 76' lang='grc' dir='ltr'><strong><em>κώμων,</em></strong></span> <span class='ocrx_word' id='word_1_29' title='bbox 1035 1311 1112 1374; x_wconf 89' lang='lat' dir='ltr'>Isth.</span> <span class='ocrx_word' id='word_1_30' title='bbox 1138 1311 1185 1375; x_wconf 89' lang='lat' dir='ltr'>VI</span> <span class='ocrx_word' id='word_1_31' title='bbox 1209 1314 1261 1375; x_wconf 79' lang='lat'>84.</span> 
     </span>
    </p>

    <p class='ocr_par' dir='ltr' id='par_1_4' title="bbox 334 1426 1354 1985">
     <span class='ocr_line' id='line_1_6' title="bbox 385 1426 1347 1513; baseline 0 -21"><span class='ocrx_word' id='word_1_32' title='bbox 385 1434 434 1492; x_wconf 75' lang='lat'>14.</span> <span class='ocrx_word' id='word_1_33' title='bbox 470 1430 499 1492; x_wconf 76' lang='grc' dir='ltr'>ἐν</span> <span class='ocrx_word' id='word_1_34' title='bbox 528 1432 643 1508; x_wconf 80' lang='grc' dir='ltr'><strong><em>οὐρανῷ.</em></strong></span> <span class='ocrx_word' id='word_1_35' title='bbox 678 1426 750 1492; x_wconf 89' lang='lat' dir='ltr'>Non</span> <span class='ocrx_word' id='word_1_36' title='bbox 782 1451 852 1493; x_wconf 88' lang='lat' dir='ltr'>eum</span> <span class='ocrx_word' id='word_1_37' title='bbox 884 1428 974 1507; x_wconf 79' lang='grc' dir='ltr'><strong><em>ἔργον</em></strong></span> <span class='ocrx_word' id='word_1_38' title='bbox 1003 1428 1251 1513; x_wconf 81' lang='lat' dir='ltr'>conjungendum</span> <span class='ocrx_word' id='word_1_39' title='bbox 1283 1438 1347 1506; x_wconf 90' lang='lat' dir='ltr'>est,</span> 
     </span>
     <span class='ocr_line' id='line_1_7' title="bbox 337 1544 1349 1631; baseline 0.001 -21"><span class='ocrx_word' id='word_1_40' title='bbox 337 1555 373 1610; x_wconf 91' lang='lat' dir='ltr'>nt</span> <span class='ocrx_word' id='word_1_41' title='bbox 397 1546 518 1630; x_wconf 84' lang='lat' dir='ltr'>Heynio</span> <span class='ocrx_word' id='word_1_42' title='bbox 541 1546 661 1631; x_wconf 83' lang='lat' dir='ltr'>placet,</span> <span class='ocrx_word' id='word_1_43' title='bbox 685 1548 816 1610; x_wconf 87' lang='lat' dir='ltr'>vertenti</span> <span class='ocrx_word' id='word_1_44' title='bbox 839 1546 975 1609; x_wconf 89' lang='lat' dir='ltr'>omnium</span> <span class='ocrx_word' id='word_1_45' title='bbox 998 1544 1248 1629; x_wconf 88' lang='lat' dir='ltr'>dispensatrieos,</span> <span class='ocrx_word' id='word_1_46' title='bbox 1270 1568 1349 1631; x_wconf 85' lang='lat' dir='ltr'>quae</span> 
     </span>
     <span class='ocr_line' id='line_1_8' title="bbox 338 1662 1350 1741; baseline 0 -16"><span class='ocrx_word' id='word_1_47' title='bbox 338 1664 417 1725; x_wconf 87' lang='lat' dir='ltr'>fiunt</span> <span class='ocrx_word' id='word_1_48' title='bbox 448 1663 480 1726; x_wconf 92' lang='lat' dir='ltr'>in</span> <span class='ocrx_word' id='word_1_49' title='bbox 510 1663 613 1727; x_wconf 87' lang='lat' dir='ltr'>eoelo:</span> <span class='ocrx_word' id='word_1_50' title='bbox 645 1662 696 1725; x_wconf 91' lang='lat' dir='ltr'>sed</span> <span class='ocrx_word' id='word_1_51' title='bbox 729 1685 799 1727; x_wconf 87' lang='lat' dir='ltr'>enm</span> <span class='ocrx_word' id='word_1_52' title='bbox 822 1663 947 1739; x_wconf 77' lang='grc' dir='ltr'><strong><em>ταμίαν,</em></strong></span> <span class='ocrx_word' id='word_1_53' title='bbox 970 1662 1086 1737; x_wconf 76' lang='grc' dir='ltr'><strong><em>θέμεναι</em></strong></span> <span class='ocrx_word' id='word_1_54' title='bbox 1109 1668 1139 1725; x_wconf 85' lang='lat' dir='ltr'>et</span> <span class='ocrx_word' id='word_1_55' title='bbox 1161 1662 1293 1741; x_wconf 70' lang='grc' dir='ltr'><strong><em>σέβοντι,</em></strong></span> <span class='ocrx_word' id='word_1_56' title='bbox 1318 1662 1350 1726; x_wconf 86' lang='lat' dir='ltr'>id</span> 
     </span>
     <span class='ocr_line' id='line_1_9' title="bbox 337 1776 1354 1863; baseline 0.001 -22"><span class='ocrx_word' id='word_1_57' title='bbox 337 1787 383 1842; x_wconf 88' lang='lat' dir='ltr'>est</span> <span class='ocrx_word' id='word_1_58' title='bbox 406 1801 476 1843; x_wconf 88' lang='lat' dir='ltr'>eum</span> <span class='ocrx_word' id='word_1_59' title='bbox 500 1786 566 1843; x_wconf 86' lang='lat' dir='ltr'>tota</span> <span class='ocrx_word' id='word_1_60' title='bbox 588 1781 757 1843; x_wconf 86' lang='lat' dir='ltr'>sententia:</span> <span class='ocrx_word' id='word_1_61' title='bbox 781 1781 917 1863; x_wconf 89' lang='lat' dir='ltr'>ipsarum</span> <span class='ocrx_word' id='word_1_62' title='bbox 942 1776 1116 1842; x_wconf 80' lang='lat' dir='ltr'>Gratiarum</span> <span class='ocrx_word' id='word_1_63' title='bbox 1138 1778 1224 1845; x_wconf 88' lang='lat' dir='ltr'>loeus</span> <span class='ocrx_word' id='word_1_64' title='bbox 1240 1786 1271 1842; x_wconf 88' lang='lat' dir='ltr'>et</span> <span class='ocrx_word' id='word_1_65' title='bbox 1288 1778 1354 1842; x_wconf 79' lang='lat' dir='ltr'>effi·-</span> 
     </span>
     <span class='ocr_line' id='line_1_10' title="bbox 334 1895 1157 1985; baseline 0.001 -27"><span class='ocrx_word' id='word_1_66' title='bbox 334 1896 473 1960; x_wconf 76' lang='lat' dir='ltr'>emmiu</span> <span class='ocrx_word' id='word_1_67' title='bbox 497 1895 631 1982; x_wconf 85' lang='lat' dir='ltr'><strong>Olympo</strong></span> <span class='ocrx_word' id='word_1_68' title='bbox 654 1898 785 1960; x_wconf 86' lang='lat' dir='ltr'>canitur.</span> <span class='ocrx_word' id='word_1_69' title='bbox 976 1978 980 1985; x_wconf 27' lang='lat'>¹</span> <span class='ocrx_word' id='word_1_70' title='bbox 1150 1968 1157 1981; x_wconf 31' lang='lat'><em>⁶</em></span> 
     </span>
    </p>

    <p class='ocr_par' dir='ltr' id='par_1_5' title="bbox 302 2012 1348 3254">
     <span class='ocr_line' id='line_1_11' title="bbox 383 2012 1345 2097; baseline 0 -21"><span class='ocrx_word' id='word_1_71' title='bbox 383 2016 434 2077; x_wconf 81' lang='lat'>16.</span> <span class='ocrx_word' id='word_1_72' title='bbox 468 2013 551 2091; x_wconf 71' lang='grc' dir='ltr'>παρὰ</span> <span class='ocrx_word' id='word_1_73' title='bbox 569 2014 680 2078; x_wconf 75' lang='grc' dir='ltr'>Πύθιον.</span> <span class='ocrx_word' id='word_1_74' title='bbox 715 2012 904 2076; x_wconf 72' lang='lat' dir='ltr'>scholiastae</span> <span class='ocrx_word' id='word_1_75' title='bbox 919 2021 1106 2089; x_wconf 88' lang='lat' dir='ltr'>memorant,</span> <span class='ocrx_word' id='word_1_76' title='bbox 1123 2012 1252 2097; x_wconf 87' lang='lat' dir='ltr'>Delphis</span> <span class='ocrx_word' id='word_1_77' title='bbox 1271 2012 1345 2076; x_wconf 89' lang='lat' dir='ltr'>Gra-</span> 
     </span>
     <span class='ocr_line' id='line_1_12' title="bbox 334 2126 1344 2213; baseline 0 -22"><span class='ocrx_word' id='word_1_78' title='bbox 334 2129 393 2192; x_wconf 87' lang='lat' dir='ltr'>tias</span> <span class='ocrx_word' id='word_1_79' title='bbox 416 2128 455 2193; x_wconf 89' lang='lat' dir='ltr'>ad</span> <span class='ocrx_word' id='word_1_80' title='bbox 478 2129 615 2193; x_wconf 79' lang='lat' dir='ltr'>dextram</span> <span class='ocrx_word' id='word_1_81' title='bbox 641 2128 792 2212; x_wconf 77' lang='lat' dir='ltr'>Apollinis</span> <span class='ocrx_word' id='word_1_82' title='bbox 814 2128 929 2213; x_wconf 86' lang='lat' dir='ltr'>positas</span> <span class='ocrx_word' id='word_1_83' title='bbox 952 2128 1055 2191; x_wconf 86' lang='lat' dir='ltr'>fuisse.</span> <span class='ocrx_word' id='word_1_84' title='bbox 1103 2126 1204 2208; x_wconf 78' lang='lat' dir='ltr'>Quam</span> <span class='ocrx_word' id='word_1_85' title='bbox 1217 2150 1344 2205; x_wconf 57' lang='lat' dir='ltr'>¹memo·</span> 
     </span>
     <span class='ocr_line' id='line_1_13' title="bbox 334 2245 1347 2330; baseline -0.001 -21"><span class='ocrx_word' id='word_1_86' title='bbox 334 2246 412 2309; x_wconf 86' lang='lat' dir='ltr'>riam</span> <span class='ocrx_word' id='word_1_87' title='bbox 436 2268 491 2310; x_wconf 87' lang='lat' dir='ltr'>nee</span> <span class='ocrx_word' id='word_1_88' title='bbox 515 2245 576 2310; x_wconf 85' lang='lat' dir='ltr'>alio</span> <span class='ocrx_word' id='word_1_89' title='bbox 600 2245 775 2309; x_wconf 90' lang='lat' dir='ltr'>testimonio</span> <span class='ocrx_word' id='word_1_90' title='bbox 799 2247 1004 2308; x_wconf 83' lang='lat' dir='ltr'>confirmatam</span> <span class='ocrx_word' id='word_1_91' title='bbox 1031 2246 1166 2329; x_wconf 83' lang='lat' dir='ltr'>reperio,</span> <span class='ocrx_word' id='word_1_92' title='bbox 1183 2267 1238 2309; x_wconf 88' lang='lat' dir='ltr'>neo</span> <span class='ocrx_word' id='word_1_93' title='bbox 1255 2246 1347 2330; x_wconf 93' lang='lat' dir='ltr'>hujus</span> 
     </span>
     <span class='ocr_line' id='line_1_14' title="bbox 302 2360 1347 2446; baseline 0.001 -22"><span class='ocrx_word' id='word_1_94' title='bbox 302 2426 305 2431; x_wconf 75' lang='grc'><strong>,</strong></span> <span class='ocrx_word' id='word_1_95' title='bbox 334 2361 395 2425; x_wconf 83' lang='grc' dir='ltr'>1οοί</span> <span class='ocrx_word' id='word_1_96' title='bbox 425 2384 490 2426; x_wconf 87' lang='lat' dir='ltr'>esse</span> <span class='ocrx_word' id='word_1_97' title='bbox 522 2361 628 2426; x_wconf 85' lang='lat' dir='ltr'>eredo:</span> <span class='ocrx_word' id='word_1_98' title='bbox 659 2384 763 2426; x_wconf 86' lang='lat' dir='ltr'>verum</span> <span class='ocrx_word' id='word_1_99' title='bbox 788 2360 942 2445; x_wconf 91' lang='lat' dir='ltr'>quomodo</span> <span class='ocrx_word' id='word_1_100' title='bbox 965 2362 1048 2446; x_wconf 91' lang='lat' dir='ltr'>apud</span> <span class='ocrx_word' id='word_1_101' title='bbox 1072 2360 1241 2426; x_wconf 87' lang='lat' dir='ltr'>Homerum</span> <span class='ocrx_word' id='word_1_102' title='bbox 1266 2362 1304 2425; x_wconf 89' lang='lat' dir='ltr'>Il.</span> <span class='ocrx_word' id='word_1_103' title='bbox 1330 2362 1347 2425; x_wconf 95' lang='grc' dir='ltr'><strong>Ι</strong></span> 
     </span>
     <span class='ocr_line' id='line_1_15' title="bbox 336 2477 1348 2563; baseline 0.002 -23"><span class='ocrx_word' id='word_1_104' title='bbox 336 2481 401 2540; x_wconf 76' lang='lat'>604</span> <span class='ocrx_word' id='word_1_105' title='bbox 436 2477 545 2541; x_wconf 86' lang='lat' dir='ltr'>Musae</span> <span class='ocrx_word' id='word_1_106' title='bbox 577 2478 690 2542; x_wconf 89' lang='lat' dir='ltr'>adsunt</span> <span class='ocrx_word' id='word_1_107' title='bbox 720 2480 752 2542; x_wconf 93' lang='lat' dir='ltr'>in</span> <span class='ocrx_word' id='word_1_108' title='bbox 783 2478 915 2563; x_wconf 79' lang='lat' dir='ltr'>Olympo</span> <span class='ocrx_word' id='word_1_109' title='bbox 947 2477 1101 2562; x_wconf 84' lang='lat' dir='ltr'>Apollini,</span> <span class='ocrx_word' id='word_1_110' title='bbox 1131 2478 1175 2542; x_wconf 88' lang='lat' dir='ltr'>sie</span> <span class='ocrx_word' id='word_1_111' title='bbox 1198 2477 1348 2543; x_wconf 88' lang='lat' dir='ltr'>hocloco</span> 
     </span>
     <span class='ocr_line' id='line_1_16' title="bbox 334 2595 1180 2680; baseline 0 -21"><span class='ocrx_word' id='word_1_112' title='bbox 334 2617 352 2659; x_wconf 86' lang='lat' dir='ltr'>a</span> <span class='ocrx_word' id='word_1_113' title='bbox 373 2595 507 2660; x_wconf 90' lang='lat' dir='ltr'>Pindaro</span> <span class='ocrx_word' id='word_1_114' title='bbox 531 2596 655 2660; x_wconf 89' lang='lat' dir='ltr'>Gratiae</span> <span class='ocrx_word' id='word_1_115' title='bbox 678 2618 748 2661; x_wconf 89' lang='lat' dir='ltr'>eum</span> <span class='ocrx_word' id='word_1_116' title='bbox 770 2597 825 2660; x_wconf 91' lang='lat' dir='ltr'>illo</span> <span class='ocrx_word' id='word_1_117' title='bbox 848 2596 915 2659; x_wconf 91' lang='lat' dir='ltr'>Deo</span> <span class='ocrx_word' id='word_1_118' title='bbox 940 2598 1180 2680; x_wconf 80' lang='lat' dir='ltr'>conjunguntur.</span> 
     </span>
     <span class='ocr_line' id='line_1_17' title="bbox 341 2712 1342 2789; baseline 0.003 -15"><span class='ocrx_word' id='word_1_119' title='bbox 341 2755 344 2760; x_wconf 55' lang='lat'>&gt;</span> <span class='ocrx_word' id='word_1_120' title='bbox 382 2716 431 2776; x_wconf 89' lang='grc'>19.</span> <span class='ocrx_word' id='word_1_121' title='bbox 466 2713 613 2789; x_wconf 81' lang='grc' dir='ltr'>Ἀγλαΐα.</span> <span class='ocrx_word' id='word_1_122' title='bbox 653 2713 777 2777; x_wconf 86' lang='lat' dir='ltr'>Gratiae</span> <span class='ocrx_word' id='word_1_123' title='bbox 810 2712 860 2775; x_wconf 89' lang='lat' dir='ltr'>hic</span> <span class='ocrx_word' id='word_1_124' title='bbox 890 2714 929 2777; x_wconf 91' lang='lat' dir='ltr'>iis</span> <span class='ocrx_word' id='word_1_125' title='bbox 961 2712 1136 2777; x_wconf 88' lang='lat' dir='ltr'>nominibus</span> <span class='ocrx_word' id='word_1_126' title='bbox 1168 2712 1342 2777; x_wconf 90' lang='lat' dir='ltr'>aPindaro</span> 
     </span>
     <span class='ocr_line' id='line_1_18' title="bbox 333 2827 1344 2915; baseline 0.003 -24"><span class='ocrx_word' id='word_1_127' title='bbox 333 2829 545 2913; x_wconf 86' lang='lat' dir='ltr'>appellantur,</span> <span class='ocrx_word' id='word_1_128' title='bbox 578 2828 691 2913; x_wconf 85' lang='lat' dir='ltr'>quibus</span> <span class='ocrx_word' id='word_1_129' title='bbox 724 2829 762 2894; x_wconf 86' lang='lat' dir='ltr'>ab</span> <span class='ocrx_word' id='word_1_130' title='bbox 793 2827 931 2893; x_wconf 87' lang='lat' dir='ltr'>Hesiodo</span> <span class='ocrx_word' id='word_1_131' title='bbox 962 2829 1119 2914; x_wconf 79' lang='lat' dir='ltr'>Theogon.</span> <span class='ocrx_word' id='word_1_132' title='bbox 1153 2832 1236 2908; x_wconf 84' lang='grc'><strong>999,</strong></span> <span class='ocrx_word' id='word_1_133' title='bbox 1262 2831 1344 2915; x_wconf 91' lang='lat' dir='ltr'>apud</span> 
     </span>
     <span class='ocr_line' id='line_1_19' title="bbox 332 2944 1340 3027; baseline 0.002 -20"><span class='ocrx_word' id='word_1_134' title='bbox 332 2965 422 3027; x_wconf 85' lang='lat' dir='ltr'>quem</span> <span class='ocrx_word' id='word_1_135' title='bbox 446 2945 560 3027; x_wconf 87' lang='lat' dir='ltr'>pariter</span> <span class='ocrx_word' id='word_1_136' title='bbox 583 2953 657 3008; x_wconf 88' lang='lat' dir='ltr'>sunt</span> <span class='ocrx_word' id='word_1_137' title='bbox 678 2944 765 3008; x_wconf 83' lang='lat' dir='ltr'>Joris</span> <span class='ocrx_word' id='word_1_138' title='bbox 787 2944 877 3008; x_wconf 87' lang='lat' dir='ltr'>filiae.</span> <span class='ocrx_word' id='word_1_139' title='bbox 917 2944 959 3008; x_wconf 84' lang='lat' dir='ltr'>Et</span> <span class='ocrx_word' id='word_1_140' title='bbox 981 2944 1150 3009; x_wconf 75' lang='lat' dir='ltr'>Pausanias</span> <span class='ocrx_word' id='word_1_141' title='bbox 1173 2944 1210 3009; x_wconf 78' lang='lat' dir='ltr'>L.</span> <span class='ocrx_word' id='word_1_142' title='bbox 1234 2945 1283 3009; x_wconf 94' lang='lat' dir='ltr'>IX</span> <span class='ocrx_word' id='word_1_143' title='bbox 1306 2945 1340 3009; x_wconf 89' lang='lat' dir='ltr'>G.</span> 
     </span>
     <span class='ocr_line' id='line_1_20' title="bbox 332 3059 1340 3146; baseline 0.003 -24"><span class='ocrx_word' id='word_1_144' title='bbox 332 3059 454 3122; x_wconf 84' lang='lat' dir='ltr'>XXXV</span> <span class='ocrx_word' id='word_1_145' title='bbox 488 3062 503 3122; x_wconf 94' lang='lat' dir='ltr'>l</span> <span class='ocrx_word' id='word_1_146' title='bbox 536 3082 586 3124; x_wconf 87' lang='lat' dir='ltr'>eas</span> <span class='ocrx_word' id='word_1_147' title='bbox 613 3060 753 3137; x_wconf 85' lang='lat' dir='ltr'>Gratias,</span> <span class='ocrx_word' id='word_1_148' title='bbox 778 3061 864 3143; x_wconf 87' lang='lat' dir='ltr'>queis</span> <span class='ocrx_word' id='word_1_149' title='bbox 887 3060 1027 3125; x_wconf 78' lang='lat' dir='ltr'>Eteooles</span> <span class='ocrx_word' id='word_1_150' title='bbox 1053 3062 1168 3146; x_wconf 89' lang='lat' dir='ltr'>primus</span> <span class='ocrx_word' id='word_1_151' title='bbox 1193 3083 1278 3125; x_wconf 86' lang='lat' dir='ltr'>saera</span> <span class='ocrx_word' id='word_1_152' title='bbox 1299 3062 1340 3125; x_wconf 86' lang='lat' dir='ltr'>fe·</span> 
     </span>
     <span class='ocr_line' id='line_1_21' title="bbox 332 3176 1340 3254; baseline 0.003 -15"><span class='ocrx_word' id='word_1_153' title='bbox 332 3176 423 3254; x_wconf 89' lang='lat' dir='ltr'>oerit,</span> <span class='ocrx_word' id='word_1_154' title='bbox 448 3198 576 3240; x_wconf 87' lang='lat' dir='ltr'>numero</span> <span class='ocrx_word' id='word_1_155' title='bbox 599 3176 675 3239; x_wconf 84' lang='lat' dir='ltr'>dicit</span> <span class='ocrx_word' id='word_1_156' title='bbox 697 3176 792 3240; x_wconf 79' lang='lat' dir='ltr'>luisse</span> <span class='ocrx_word' id='word_1_157' title='bbox 814 3185 893 3251; x_wconf 88' lang='lat' dir='ltr'>tres,</span> <span class='ocrx_word' id='word_1_158' title='bbox 918 3178 1044 3240; x_wconf 83' lang='lat' dir='ltr'>nomina</span> <span class='ocrx_word' id='word_1_159' title='bbox 1066 3199 1137 3241; x_wconf 87' lang='lat' dir='ltr'>vero</span> <span class='ocrx_word' id='word_1_160' title='bbox 1158 3200 1261 3242; x_wconf 87' lang='lat' dir='ltr'>earum</span> <span class='ocrx_word' id='word_1_161' title='bbox 1278 3201 1340 3243; x_wconf 90' lang='lat' dir='ltr'>non</span> 
     </span>
    </p>
   </div>
   <div class='ocr_carea' id='block_1_3' title="bbox 332 3291 1343 3377">
    <p class='ocr_par' dir='ltr' id='par_1_6' title="bbox 332 3291 1343 3377">
     <span class='ocr_line' id='line_1_22' title="bbox 332 3291 1343 3377; baseline 0.003 -22"><span class='ocrx_word' id='word_1_162' title='bbox 332 3291 425 3355; x_wconf 86' lang='lat' dir='ltr'>tradi:</span> <span class='ocrx_word' id='word_1_163' title='bbox 450 3292 530 3377; x_wconf 86' lang='lat' dir='ltr'>apud</span> <span class='ocrx_word' id='word_1_164' title='bbox 555 3292 631 3355; x_wconf 89' lang='lat' dir='ltr'>alios</span> <span class='ocrx_word' id='word_1_165' title='bbox 654 3292 748 3355; x_wconf 86' lang='lat' dir='ltr'>fuisse</span> <span class='ocrx_word' id='word_1_166' title='bbox 765 3291 861 3356; x_wconf 85' lang='lat' dir='ltr'>alium</span> <span class='ocrx_word' id='word_1_167' title='bbox 875 3314 1054 3369; x_wconf 88' lang='lat' dir='ltr'>nnmerum,</span> <span class='ocrx_word' id='word_1_168' title='bbox 1072 3316 1203 3376; x_wconf 82' lang='lat' dir='ltr'>quarum</span> <span class='ocrx_word' id='word_1_169' title='bbox 1218 3296 1343 3358; x_wconf 90' lang='lat' dir='ltr'>nomina</span> 
     </span>
    </p>
   </div>
   <div class='ocr_carea' id='block_1_4' title="bbox 330 3407 1340 4547">
    <p class='ocr_par' dir='ltr' id='par_1_7' title="bbox 331 3407 1007 3473">
     <span class='ocr_line' id='line_1_23' title="bbox 331 3407 1007 3473; baseline 0 -1"><span class='ocrx_word' id='word_1_170' title='bbox 331 3409 423 3473; x_wconf 84' lang='lat' dir='ltr'>refert</span> <span class='ocrx_word' id='word_1_171' title='bbox 446 3408 484 3472; x_wconf 85' lang='lat' dir='ltr'>ab</span> <span class='ocrx_word' id='word_1_172' title='bbox 508 3408 645 3472; x_wconf 87' lang='lat' dir='ltr'>Hesiodo</span> <span class='ocrx_word' id='word_1_173' title='bbox 668 3418 698 3472; x_wconf 91' lang='lat' dir='ltr'>et</span> <span class='ocrx_word' id='word_1_174' title='bbox 720 3407 854 3472; x_wconf 88' lang='lat' dir='ltr'>Pindaro</span> <span class='ocrx_word' id='word_1_175' title='bbox 878 3408 1007 3473; x_wconf 83' lang='lat' dir='ltr'>diversa.</span> 
     </span>
    </p>

    <p class='ocr_par' dir='ltr' id='par_1_8' title="bbox 330 3524 1340 3939">
     <span class='ocr_line' id='line_1_24' title="bbox 379 3524 1338 3611; baseline 0.004 -24"><span class='ocrx_word' id='word_1_176' title='bbox 379 3528 430 3588; x_wconf 77' lang='lat'>21.</span> <span class='ocrx_word' id='word_1_177' title='bbox 465 3524 590 3590; x_wconf 77' lang='grc' dir='ltr'><strong><em>ἕποὶαοοο.</em></strong></span> <span class='ocrx_word' id='word_1_178' title='bbox 625 3524 763 3608; x_wconf 81' lang='lat' dir='ltr'>Intelligi</span> <span class='ocrx_word' id='word_1_179' title='bbox 794 3524 911 3602; x_wconf 76' lang='grc' dir='ltr'><strong><em>γένεσθε</em></strong></span> <span class='ocrx_word' id='word_1_180' title='bbox 942 3525 990 3588; x_wconf 86' lang='lat' dir='ltr'>vel</span> <span class='ocrx_word' id='word_1_181' title='bbox 1022 3525 1138 3603; x_wconf 88' lang='lat' dir='ltr'>simile,</span> <span class='ocrx_word' id='word_1_182' title='bbox 1170 3527 1258 3591; x_wconf 84' lang='lat' dir='ltr'>facile</span> <span class='ocrx_word' id='word_1_183' title='bbox 1286 3550 1338 3611; x_wconf 81' lang='lat' dir='ltr'>ap-</span> 
     </span>
     <span class='ocr_line' id='line_1_25' title="bbox 330 3640 1340 3725; baseline 0.003 -21"><span class='ocrx_word' id='word_1_184' title='bbox 330 3650 425 3725; x_wconf 84' lang='lat' dir='ltr'>paret.</span> <span class='ocrx_word' id='word_1_185' title='bbox 471 3640 649 3705; x_wconf 84' lang='lat' dir='ltr'>Praesentes</span> <span class='ocrx_word' id='word_1_186' title='bbox 684 3640 825 3705; x_wconf 79' lang='lat' dir='ltr'>exaudite</span> <span class='ocrx_word' id='word_1_187' title='bbox 858 3663 963 3725; x_wconf 89' lang='lat' dir='ltr'>preees</span> <span class='ocrx_word' id='word_1_188' title='bbox 995 3648 1132 3720; x_wconf 86' lang='lat' dir='ltr'>nostras,</span> <span class='ocrx_word' id='word_1_189' title='bbox 1166 3649 1202 3706; x_wconf 90' lang='lat' dir='ltr'>ut</span> <span class='ocrx_word' id='word_1_190' title='bbox 1233 3666 1276 3707; x_wconf 88' lang='lat' dir='ltr'>vs.</span> <span class='ocrx_word' id='word_1_191' title='bbox 1311 3650 1340 3707; x_wconf 88' lang='grc'>6.</span> 
     </span>
     <span class='ocr_line' id='line_1_26' title="bbox 331 3756 1340 3843; baseline 0.003 -23"><span class='ocrx_word' id='word_1_192' title='bbox 331 3756 477 3822; x_wconf 78' lang='lat' dir='ltr'>Similiter</span> <span class='ocrx_word' id='word_1_193' title='bbox 511 3756 592 3843; x_wconf 91' lang='lat' dir='ltr'>apud</span> <span class='ocrx_word' id='word_1_194' title='bbox 624 3759 862 3843; x_wconf 82' lang='lat' dir='ltr'>Aristophanem</span> <span class='ocrx_word' id='word_1_195' title='bbox 892 3758 1078 3841; x_wconf 84' lang='lat' dir='ltr'>Thesmoph.</span> <span class='ocrx_word' id='word_1_196' title='bbox 1114 3760 1196 3824; x_wconf 81' lang='lat'>1157</span> <span class='ocrx_word' id='word_1_197' title='bbox 1230 3761 1340 3825; x_wconf 85' lang='lat' dir='ltr'>chorus</span> 
     </span>
     <span class='ocr_line' id='line_1_27' title="bbox 331 3874 565 3939; baseline 0.013 -3"><span class='ocrx_word' id='word_1_198' title='bbox 331 3874 412 3939; x_wconf 84' lang='lat' dir='ltr'>Deae</span> <span class='ocrx_word' id='word_1_199' title='bbox 436 3874 565 3939; x_wconf 83' lang='lat' dir='ltr'>advocat</span> 
     </span>
    </p>

    <p class='ocr_par' dir='ltr' id='par_1_9' title="bbox 331 3991 1338 4547">
     <span class='ocr_line' id='line_1_28' title="bbox 599 3991 1084 4070; baseline 0.004 -16"><span class='ocrx_word' id='word_1_200' title='bbox 599 3992 624 4054; x_wconf 77' lang='lat' dir='ltr'>ei</span> <span class='ocrx_word' id='word_1_201' title='bbox 646 3993 705 4069; x_wconf 77' lang='grc' dir='ltr'><strong><em>γοὶρ</em></strong></span> <span class='ocrx_word' id='word_1_202' title='bbox 730 3991 862 4070; x_wconf 72' lang='grc' dir='ltr'><strong><em>πρότερον</em></strong></span> <span class='ocrx_word' id='word_1_203' title='bbox 885 3992 952 4055; x_wconf 77' lang='grc' dir='ltr'><strong><em>ποτ’</em></strong></span> <span class='ocrx_word' id='word_1_204' title='bbox 974 3992 1084 4066; x_wconf 68' lang='grc' dir='ltr'><strong><em>ἐπηκόω</em></strong></span> 
     </span>
     <span class='ocr_line' id='line_1_29' title="bbox 547 4084 929 4189; baseline 0 -18"><span class='ocrx_word' id='word_1_205' title='bbox 547 4084 553 4093; x_wconf 88' lang='lat'>.</span> <span class='ocrx_word' id='word_1_206' title='bbox 600 4108 732 4189; x_wconf 72' lang='grc' dir='ltr'><strong><em>ἤλθετον,</em></strong></span> <span class='ocrx_word' id='word_1_207' title='bbox 756 4113 805 4171; x_wconf 84' lang='grc' dir='ltr'>νῦν</span> <span class='ocrx_word' id='word_1_208' title='bbox 826 4107 929 4187; x_wconf 67' lang='grc' dir='ltr'><strong><em>ἄφίκε-</em></strong></span> 
     </span>
     <span class='ocr_line' id='line_1_30' title="bbox 598 4224 1063 4301; baseline 0.002 -14"><span class='ocrx_word' id='word_1_209' title='bbox 598 4224 662 4287; x_wconf 77' lang='grc' dir='ltr'>σ9ον</span> <span class='ocrx_word' id='word_1_210' title='bbox 684 4224 849 4298; x_wconf 76' lang='grc' dir='ltr'><strong><em>ἱκετεύομεν</em></strong></span> <span class='ocrx_word' id='word_1_211' title='bbox 871 4224 962 4289; x_wconf 71' lang='grc' dir='ltr'><strong><em>ἐνθάδ’</em></strong></span> <span class='ocrx_word' id='word_1_212' title='bbox 986 4227 1063 4301; x_wconf 69' lang='grc' dir='ltr'>ἡμῖν.</span> 
     </span>
     <span class='ocr_line' id='line_1_31' title="bbox 331 4337 967 4424; baseline 0.005 -24"><span class='ocrx_word' id='word_1_213' title='bbox 331 4337 431 4403; x_wconf 84' lang='lat' dir='ltr'>Aliter</span> <span class='ocrx_word' id='word_1_214' title='bbox 453 4337 537 4423; x_wconf 86' lang='lat' dir='ltr'>apud</span> <span class='ocrx_word' id='word_1_215' title='bbox 560 4340 747 4424; x_wconf 77' lang='lat' dir='ltr'>Aeschylum</span> <span class='ocrx_word' id='word_1_216' title='bbox 771 4338 865 4403; x_wconf 85' lang='lat' dir='ltr'>Ghoe.</span> <span class='ocrx_word' id='word_1_217' title='bbox 892 4344 967 4403; x_wconf 91' lang='grc'><strong>980.</strong></span> 
     </span>
     <span class='ocr_line' id='line_1_32' title="bbox 375 4456 1338 4547; baseline 0 -26"><span class='ocrx_word' id='word_1_218' title='bbox 375 4456 428 4529; x_wconf 74' lang='grc'>92,</span> <span class='ocrx_word' id='word_1_219' title='bbox 464 4457 564 4529; x_wconf 72' lang='grc' dir='ltr'><strong><em>ἰδοῖσα,</em></strong></span> <span class='ocrx_word' id='word_1_220' title='bbox 611 4457 814 4526; x_wconf 82' lang='lat' dir='ltr'>Grammatico</span> <span class='ocrx_word' id='word_1_221' title='bbox 849 4459 886 4524; x_wconf 91' lang='lat' dir='ltr'>ad</span> <span class='ocrx_word' id='word_1_222' title='bbox 921 4458 1062 4525; x_wconf 82' lang='lat' dir='ltr'>Thaliam</span> <span class='ocrx_word' id='word_1_223' title='bbox 1096 4458 1247 4547; x_wconf 86' lang='lat' dir='ltr'>pertinet,</span> <span class='ocrx_word' id='word_1_224' title='bbox 1287 4458 1338 4522; x_wconf 89' lang='lat' dir='ltr'>sed</span> 
     </span>
    </p>
   </div>
   <div class='ocr_carea' id='block_1_5' title="bbox 0 0 1868 5542">
    <p class='ocr_par' dir='ltr' id='par_1_10' title="bbox 0 0 1868 5542">
     <span class='ocr_line' id='line_1_33' title="bbox 0 0 1868 5542; baseline 0 2"><span class='ocrx_word' id='word_1_225' title='bbox 0 0 1868 5542; x_wconf 95' lang='lat' dir='ltr'> </span> 
     </span>
    </p>
   </div>
  </div>
 </body>
</html>
