3725 5542
845 700 909 761 353

462 898 510 961 nal
534 899 664 975 Ποτοιμοὶ
687 899 735 963 aral
759 906 854 981 Γοιῖοι,
877 898 927 963 nal
951 895 977 962 al
999 898 1128 978 ὑπένερθε
1151 898 1301 975 sandaraca

462 1018 618 1109 ἀνθρώπους
641 1017 783 1102 τίνυσθον,
807 1017 866 1091 ὅτις
888 1017 915 1081 κ’
938 1017 1063 1097 ἐπίορκον
1085 1017 1204 1096 ὄμοσον.

374 1131 414 1195 Et
448 1142 546 1213 eerte,
582 1136 607 1199 si
637 1135 687 1199 oui
717 1135 850 1201 Graecae
880 1135 1086 1221 mythologiae
1117 1137 1196 1220 parti
1228 1134 1378 1220 quaedam

375 1258 501 1316 naturae
531 1254 700 1319 aestimatio
731 1254 855 1320 subesse
882 1254 1020 1340 putanda
1042 1262 1105 1333 est,
1130 1254 1231 1319 Solem
1254 1254 1378 1319 Terram

376 1376 407 1433 et
437 1373 542 1457 Aquas
566 1374 664 1438 omnis
687 1374 855 1439 fertilitatis
877 1374 1077 1459 omniumque
1099 1396 1214 1452 rernm,
1239 1396 1317 1459 quae
1340 1371 1378 1436 ad

376 1487 515 1553 alendam
541 1491 700 1556 hominnm
724 1501 754 1557 et
777 1492 977 1557 animantium
1001 1492 1095 1557 ritem
1119 1493 1289 1578 pertinent,
1314 1513 1383 1555 anc-

377 1619 457 1673 tores
487 1609 596 1675 habere
625 1619 656 1675 et
679 1612 814 1676 venerari
837 1610 1018 1676 debuerunt.
1065 1613 1167 1695 Atque
1191 1612 1282 1675 etiam
1304 1609 1382 1675 Len·

377 1729 485 1814 nepius
509 1728 591 1814 apud
615 1729 784 1795 Hesiodum
808 1732 871 1797 34⁷
890 1730 1049 1816 Nymphas
1065 1753 1134 1795 oum
1150 1730 1220 1794 Sole
1236 1731 1381 1815 oony'ungi

377 1848 544 1913 existimat:
575 1849 728 1935 Apollinis
752 1850 866 1936 quippe
890 1851 1014 1914 nomine
1036 1850 1200 1934 significari
1223 1848 1382 1913 Phoebum

376 1965 476 2031 luoida
508 1968 570 2033 diei
600 1968 662 2033 tela
691 1968 908 2034 moderantem.
946 1968 1061 2033 Verum
1091 1968 1178 2033 nulla
1205 1966 1381 2053 hujusmodi

376 2088 455 2173 apud
487 2088 657 2153 Hesiodum
687 2100 733 2153 est
760 2088 913 2174 Apollinis
937 2088 1137 2173 significatio,
1161 2096 1197 2151 ut
1219 2109 1287 2151 oum
1311 2085 1381 2149 Sole

377 2207 540 2293 permutari
575 2208 639 2292 ejus
675 2229 785 2271 nomen
815 2208 953 2292 potuisse
984 2206 1139 2271 rideatur:
1172 2214 1245 2269 sunt
1275 2211 1381 2268 eontra

376 2326 494 2390 diversa
516 2326 652 2390 numina
688 2325 802 2391 Verum
827 2326 941 2413 Apollo
964 2334 996 2390 et
1018 2326 1075 2390 arti
1098 2325 1226 2390 salutari
1250 2323 1380 2410 praefuit

376 2454 408 2509 et
437 2446 502 2530 ipse
532 2444 592 2509 luit
622 2444 705 2509 Deus
728 2445 880 2510 salutaris.
926 2443 1041 2509 Milesii
1064 2450 1095 2507 et
1120 2443 1198 2506 Delii
1222 2441 1381 2507 coluerunt

378 2564 553 2649 Apollinem
586 2564 710 2641 Οὕλιον,
740 2560 793 2629 οἷον
820 2564 988 2642 numerata
1010 2562 1061 2628 ιιοιὶ
1083 2563 1241 2645 manarate,
1266 2562 1381 2654 valetu-

378 2683 458 2749 dinis
489 2690 520 2747 et
551 2682 716 2747 medicinae
748 2690 918 2747 auctorem:
950 2684 984 2748 τὸ
1012 2683 1073 2763 γὰρ
1102 2680 1196 2747 atara
1226 2681 1381 2757 ὑγιοιινεινι

378 2800 486 2867 Strabo
515 2801 552 2866 L.
576 2801 654 2867 XIV
678 2826 708 2888 p.
733 2802 807 2865 635.
853 2800 952 2885 Prope
975 2800 1127 2865 Coronam
1149 2798 1298 2885 templum
1320 2798 1381 2862 fuit

378 2921 548 3007 Apollinis,
580 2921 801 2987 Messeniorum
831 2920 910 2985 fama
943 2918 1209 3004 antiquissimum,
1241 2925 1272 2981 et
1298 2916 1383 2981 Deus

379 3040 499 3105 morbos
531 3041 673 3106 curabat:
703 3040 832 3105 Pausan.
856 3040 893 3106 L.
917 3038 965 3103 IV
988 3037 1023 3103 (l.
1048 3040 1107 3115 34,
1132 3041 1163 3101 4.
1209 3036 1326 3103 Similia
1348 3036 1386 3099 de

379 3158 530 3245 Nymphis
553 3166 723 3226 narrantur.
771 3157 863 3244 Apud
887 3156 1067 3243 Cytherium
1088 3156 1216 3221 flurium
1239 3157 1272 3220 in
1294 3152 1384 3220 Elide

381 3277 592 3365 Nympharum
623 3278 799 3345 Goniadum
821 3276 972 3361 templum
995 3276 1071 3355 fuit,
1096 3297 1175 3361 quae
1197 3274 1284 3359 aquis
1307 3295 1384 3338 mor-

382 3396 436 3461 bos
467 3419 571 3462 eurare
600 3396 817 3463 credebantur=
849 3396 959 3461 Strabo
990 3394 1027 3459 L.
1054 3392 1137 3458 VIII
1161 3417 1190 3479 p.
1215 3394 1290 3457 356.
1337 3391 1384 3455 De

384 3514 536 3601 Nymphis
557 3516 801 3593 Himerensibus,
826 3538 904 3601 quae
923 3513 1095 3578 salutiferas
1111 3534 1205 3597 aquas
1221 3510 1386 3587 dederunt,

383 3634 465 3720 apud
492 3634 593 3720 ipsum
616 3633 782 3699 Pindarum
804 3632 950 3698 memoria
972 3640 1018 3695 est
1041 3629 1091 3695 Ol.
1116 3629 1182 3694 XII
1206 3632 1258 3695 27.
1303 3628 1386 3713 Ergo

382 3754 462 3818 illud
486 3752 614 3818 Hesiodi

517 3873 620 3953 ἄνδρας
642 3872 793 3954 κουρίζουσι
815 3872 867 3937 σὺν
890 3870 1052 3937 Ἀπόλλωνι
1075 3868 1180 3934 ἄνοικοι

385 3990 458 4075 quid
488 3992 661 4077 significat?
689 3990 779 4056 Certe
802 3990 932 4055 salutem
956 3998 987 4053 et
1008 3988 1102 4053 robur
1124 3986 1162 4051 ab
1185 3985 1247 4051 illis
1270 3983 1336 4049 dari
1360 3992 1390 4047 et

385 4109 566 4194 praeclaram
589 4110 715 4175 formam
736 4109 901 4196 juvenilem
924 4108 1047 4173 nutriri.
1070 4106 1218 4192 Egregie,
1242 4110 1279 4168 nt
1294 4102 1389 4180 solet,

386 4228 424 4293 de
453 4228 501 4292 bis
521 4229 622 4319 ‚rebus
652 4228 821 4314 disputavit
843 4227 1042 4304 Brounerus,
1067 4225 1149 4289 Hist.
1174 4224 1212 4288 de
1234 4223 1265 4286 la
1287 4220 1391 4285 Civili-

386 4349 485 4411 sation
508 4346 560 4412 des
584 4346 695 4426 Graes,
722 4346 757 4410 Τ.
782 4345 817 4411 ΙΙ
840 4370 870 4431 p.
895 4348 955 4423 69,
980 4346 1054 4408 331.
1100 4342 1166 4407 Nos
1190 4349 1292 4406 autem
1316 4340 1390 4403 haee

388 4468 609 4552 persequimur,
642 4467 714 4551 qnia
746 4466 927 4551 putabamus
960 4464 1048 4528 utilia
1079 4486 1143 4528 esse
1174 4484 1262 4547 posse
1285 4460 1323 4527 ad
1346 4461 1390 4525 in-

1231 4586 1266 4638 23
