3725 5542
815 730 878 793 271

382 934 434 997 87.
469 928 663 1011 καταπέψας.
710 930 747 995 In
772 929 831 994 hoo
854 930 948 995 verbo
972 930 1086 1016 pariter
1110 938 1202 1015 etque
1225 931 1259 995 iu
1282 929 1353 995 sub·

335 1049 470 1114 etantivo
494 1048 563 1129 κύριρ
586 1054 693 1133 operta
715 1056 761 1113 est
784 1046 956 1113 similitudo
981 1048 1041 1113 oibi
1064 1048 1229 1133 gravantis.
1255 1046 1355 1112 Vehe-

336 1175 454 1231 menter
476 1167 575 1251 poetis
599 1165 724 1230 odiosus
750 1167 833 1231 visus
857 1176 904 1229 est
927 1165 1021 1247 κόροι,
1045 1167 1244 1252 conjungitur
1263 1189 1353 1251 saepe

337 1307 406 1349 oum
429 1307 465 1349 eo
489 1283 580 1365 ὕβρις.
628 1282 725 1349 Velut
749 1283 830 1369 epnd
854 1283 1068 1369 Theognidem
1098 1286 1157 1347 158

423 1402 543 1483 Ὕβριν,
566 1402 674 1486 Κύρνε,
698 1404 758 1474 θεὸς
782 1408 890 1482 πρῶτον
913 1401 1004 1467 κακὸν
1026 1403 1142 1467 ὤπασεν
1164 1402 1254 1483 ύνδρέ·

425 1521 517 1587 τέκτει
540 1545 583 1587 τοι
606 1520 684 1601 κύρος
708 1518 797 1602 ύβριν.

385 1641 447 1703 701

427 1756 559 1827 Πολλούς
581 1778 625 1820 τοι
649 1756 725 1836 κόρος
748 1756 852 1835 ἄνδρας
875 1756 1029 1820 ιὶπιύλετεν
1049 1756 1254 1837 ύφρονέονταε·

472 1879 578 1951 γνῶναι
601 1875 661 1955 γὰρ
684 1876 823 1955 χαλεπὸν
844 1874 961 1956 μέτρον,
986 1872 1030 1939 δι’
1053 1875 1144 1939 ἐσθλὰ
1166 1883 1255 1955 παρῆ.

386 1995 470 2058 1127

428 2110 529 2187 γνώμη
552 2146 598 2159 -
621 2108 639 2185 ἦ
662 2110 738 2175 πολὺ
760 2112 896 2189 κρείττων

430 2224 525 2306 ὕβριος
548 2228 701 2307 ούλομέννις
724 2229 889 2305 λευγαλέον
911 2254 946 2293 τε
969 2227 1058 2309 κόρου.

341 2344 479 2410 Verbum
510 2348 688 2427 καταπέψαι
719 2346 756 2411 de
788 2347 833 2411 ire
863 2346 977 2411 dieitur
1008 2345 1090 2431 opud
1123 2344 1291 2410 Homerum
1316 2345 1355 2410 Il.

341 2463 358 2527 Ι
382 2466 422 2527 81
448 2462 527 2545 εἵπερ
549 2462 608 2543 ρύρ
631 2488 665 2529 τε
687 2464 777 2544 χόλον
799 2487 837 2542 με
860 2464 909 2529 καὶ
935 2466 1074 2543 αὐτῆμαρ
1098 2464 1272 2546 καταπέψῃ.

387 2584 440 2645 91.
471 2583 496 2647 ρι’
519 2620 564 2631 --
580 2583 669 2661 αύτῷ.
698 2582 870 2667 Utrumque
896 2604 1064 2667 pronomen
1080 2589 1186 2666 aptum
1203 2590 1250 2645 eet
1265 2582 1357 2647 verbo

342 2701 558 2783 ὑπερκρέμασε,
583 2700 709 2785 perinde
732 2723 767 2765 eo
791 2701 818 2765 ei
842 2702 990 2786 seriptum
1014 2708 1113 2765 esset:
1137 2699 1194 2765 τύν
1216 2702 1240 2765 οἱ
1260 2704 1358 2780 πατὴρ

342 2818 541 2901 ὑπερκρέμασε
564 2821 698 2901 καρτερὸν
723 2818 947 2900 ύπερκρεμύοας
970 2822 1050 2901 αύτῷ
1073 2819 1157 2885 λέύον.

387 2940 440 3002 98.
472 2944 603 3014 μενοινῶν
618 2941 757 3019 κεφαλαῖς
775 2938 892 3017 βαλεῖν.
917 2936 1099 3023 Explicatur
1114 2938 1205 3001 hodie
1220 2939 1282 3003 fere
1299 2938 1357 3015 ite,

343 3062 379 3119 ut
405 3054 554 3120 'dentulus
583 3056 737 3121 studuerit
766 3056 853 3121 illum
883 3056 1015 3142 lapidem
1045 3057 1186 3141 eoepite
1209 3079 1357 3121 amovere.

343 3172 459 3239 Verum
489 3174 521 3238 in
553 3174 702 3259 ejusmodi
731 3175 956 3259 significatione
980 3197 1042 3239 non
1067 3176 1165 3260 reperi
1189 3175 1358 3259 genitivum

343 3292 408 3357 sine
439 3292 663 3378 praepositione
691 3292 831 3358 additum
862 3293 954 3358 verbo
976 3292 1117 3370 βάλλειν,
1141 3315 1242 3378 neque
1265 3293 1357 3357 etiem

343 3410 471 3475 fortasse
494 3409 524 3473 id
549 3410 766 3494 significationi
787 3410 866 3475 foret
884 3432 1072 3496 congruens,
1094 3420 1254 3495 propterea
1274 3409 1358 3495 quod

344 3550 405 3594 nou
422 3530 503 3595 inest
517 3530 550 3593 in
567 3529 624 3593 hoo
637 3529 728 3593 verbo
743 3531 810 3614 ipse
826 3530 1003 3607 amovendi,
1021 3528 1074 3593 sed
1090 3537 1212 3593 tentum
1224 3528 1359 3614 jaciendi

344 3647 407 3711 sive
430 3646 573 3711 mittendi
596 3646 790 3731 significatio.
823 3646 984 3711 Praetereo
1004 3668 1076 3711 vero
1091 3646 1244 3731 significet
1259 3647 1358 3712 ferire.

344 3764 486 3830 Feriendi
518 3772 620 3829 eutem
653 3773 683 3830 et
714 3764 861 3850 tangendi
888 3788 968 3851 qnae
991 3765 1086 3837 verbo
1105 3764 1359 3848 significationem

344 3883 473 3961 hebent,
504 3904 594 3969 saepe
622 3890 782 3967 ponuntur
813 3905 883 3947 oum
909 3882 1064 3968 genitivo,
1088 3881 1175 3946 velut
1197 3884 1294 3947 αὐτοῖο
1317 3908 1359 3948 τι-

343 4003 467 4067 τύοκετο
497 3998 590 4065 Hom.
622 4000 660 4066 Il.
693 4000 773 4065 XXI
805 4002 887 4079 582,
919 4001 1005 4072 ποδὸς
1032 4000 1204 4078 errarunt
1229 4003 1310 4076 eei,
1335 4003 1360 4065 εἰ

344 4126 394 4186 τοῦ
426 4120 527 4191 παιδὸς
558 4119 661 4198 βαλὼν
690 4120 813 4201 τύχοιμι
844 4128 897 4194 τῆς
929 4118 1044 4197 καρδίης
1076 4117 1192 4183 Herod.
1222 4117 1274 4183 III
1297 4123 1359 4197 35,

345 4238 399 4303 ubi
431 4237 534 4309 παιδὸς
566 4258 635 4301 oum
668 4238 782 4318 καρδίης
811 4239 955 4323 junctum
985 4236 1125 4314 videtur,
1156 4236 1259 4315 βαλὼν
1290 4260 1361 4301 vero

346 4380 415 4421 oum
439 4355 573 4437 τύχοιμι.
622 4356 716 4440 Apud
740 4355 910 4421 Homerum
935 4377 1006 4420 vero
1030 4362 1093 4432 oet,
1117 4354 1146 4418 Il
1170 4354 1223 4418 ΙΙΙ
1247 4358 1322 4421 347.

435 4475 485 4540 καὶ
508 4474 605 4552 βύλεν
629 4473 782 4555 Ἀτρείδαο
804 4474 873 4541 κατ’
896 4475 1011 4539 ύοπβα
1035 4473 1159 4540 ednod
1181 4474 1269 4550 ε’ΐτνιν·
