3725 5542
985 734 1050 795 314

514 932 599 997 Josis
623 957 694 1019 erge
715 935 874 1000 Thetidem
898 958 1029 1001 emerem
1053 936 1220 1021 impensius
1243 936 1393 1001 Pindarus
1414 936 1518 1001 lands-

517 1053 576 1115 vit:
601 1055 682 1139 ipsos
705 1054 785 1119 Deos
809 1057 874 1141 ejus
897 1056 1020 1139 nuptias
1039 1054 1277 1132 concelebrasse,
1297 1055 1419 1140 Py.111
1440 1059 1516 1132 165,

518 1171 606 1237 Nem.
631 1172 676 1236 IV
704 1176 781 1238 107:
807 1182 836 1237 et
860 1174 984 1237 veroin
1007 1172 1137 1237 Isthmio
1161 1172 1257 1250 VIII,
1281 1196 1319 1236 er
1340 1196 1402 1257 qno
1417 1174 1518 1237 cleris

514 1292 590 1355 sime
616 1291 654 1355 de
677 1292 797 1357 Achille
820 1294 980 1377 praeconis
1002 1292 1093 1357 modo
1115 1293 1298 1371 memoravi,
1320 1292 1428 1357 Jovem
1451 1316 1517 1357 ner-

513 1420 560 1474 rst
582 1433 652 1475 curn
676 1410 823 1497 Neptuno
840 1413 878 1477 de
894 1412 1033 1478 Thetidis
1049 1412 1165 1497 nuptiis
1181 1412 1393 1487 contendisse,
1410 1434 1517 1476 verum

512 1529 596 1593 illum
618 1532 843 1597 contentionem
863 1532 986 1596 missurn
1006 1533 1115 1610 fuisse,
1136 1530 1241 1596 cudito
1262 1532 1325 1595 leto
1341 1530 1514 1609 Themidis,

513 1648 608 1713 tilium
639 1649 777 1715 Thetidis
808 1650 937 1715 fulmine
965 1650 1011 1715 vel
1035 1649 1168 1715 tridente
1191 1651 1304 1736 mejors
1325 1672 1413 1713 ormo
1434 1649 1518 1713 hebi·

514 1778 634 1848 turum,
667 1778 780 1854 nuptus
809 1769 880 1833 Jovi
911 1769 958 1833 vel
989 1771 1055 1855 ejus
1086 1769 1248 1834 frutribus:
1274 1771 1327 1833 66.
1372 1767 1423 1833 Sic
1444 1791 1517 1853 ergo

514 1888 671 1966 existimo,
696 1887 823 1953 dilectos
846 1910 950 1974 preces
973 1888 1111 1952 'Photidis
1134 1888 1227 1952 simul
1250 1910 1321 1951 cum
1336 1886 1517 1951 fortitudine

470 2010 474 2024 '
513 2006 716 2092 laudibusque
738 2009 794 2073 filii
817 2008 967 2085 effecisse,
991 2014 1027 2072 nt
1048 2006 1134 2071 Jovis
1149 2006 1305 2071 voluntate
1321 2006 1412 2070 tutem
1427 2006 1515 2071 illum

514 2125 612 2191 virum
643 2127 674 2191 iu
705 2127 759 2191 ills
789 2127 859 2192 sede
882 2129 949 2213 ipss
970 2134 1067 2191 meter
1088 2135 1256 2211 reponeret.
1303 2124 1411 2210 Neque
1434 2126 1516 2189 enim

515 2244 638 2309 verbum
667 2245 753 2311 ἔνεικε
775 2246 886 2310 frustm
902 2256 966 2323 est,
982 2246 1036 2310 sed
1051 2244 1161 2309 eximie
1175 2254 1311 2309 maurus
1325 2245 1515 2330 significetur

513 2364 639 2443 csritss,
664 2386 758 2450 quum
782 2388 844 2431 non
867 2366 970 2431 locum
991 2366 1023 2430 in
1043 2365 1139 2429 bestie
1155 2364 1219 2429 filio
1234 2364 1340 2429 'l'hetis
1355 2367 1514 2451 petiverit,

514 2506 617 2549 verum
649 2484 716 2569 ipss
746 2508 815 2550 eum
838 2485 913 2550 illuc
935 2486 1021 2549 Jovis
1045 2485 1201 2549 voluntate
1225 2487 1399 2569 portaverit
1444 2484 1518 2549 Om-

513 2604 587 2669 nino
610 2612 730 2669 tentum
754 2603 849 2690 prolis
872 2605 1038 2683 honorem,
1061 2614 1210 2689 qusntum
1233 2612 1418 2691 potuerunt,
1441 2605 1518 2670 'lhe-

513 2722 571 2787 tidi
601 2722 674 2787 dere
705 2724 756 2788 Dii
786 2724 950 2789 voluerunt
972 2733 1004 2790 et
1026 2724 1112 2808 qussi
1133 2745 1329 2809 compensare
1352 2724 1418 2809 ejus
1441 2745 1518 2788 mor·

514 2841 674 2907 tslitstem.
720 2840 791 2906 Non
829 2842 970 2907 dissimili
1003 2842 1112 2919 ωοᾱο,
1147 2842 1200 2906 sed
1237 2841 1329 2927 poulo
1362 2842 1517 2927 stupidius

515 2958 684 3045 Homerus,
715 2982 787 3046 pecc
818 2962 928 3026 summi
960 2972 1065 3047 poetes
1094 2960 1241 3038 dixerim,
1264 2959 1406 3024 Menelao
1427 2960 1515 3025 illum

515 3079 661 3145 honorem
693 3082 829 3165 promitti
858 3089 979 3157 narret,
1009 3079 1142 3165 simplici
1172 3101 1264 3143 conss
1286 3078 1409 3156 eddim
1434 3078 1515 3163 quod

513 3198 598 3261 Jovis
620 3220 713 3282 gener
736 3208 831 3263 esset:
856 3198 915 3263 Od.
941 3198 988 3262 IV
1011 3202 1095 3262 569:
1119 3220 1175 3262 nec
1198 3198 1289 3262 nimis
1313 3196 1458 3262 abhorret
1479 3198 1518 3262 sb

515 3338 551 3379 eo
579 3315 758 3402 Euripides,
783 3316 851 3381 Hel.
879 3320 973 3382 1676.
1020 3316 1181 3395 Ceterum,
1204 3339 1283 3401 quse
1306 3317 1387 3381 temo
1408 3338 1519 3380 memo

515 3444 599 3499 retur
622 3458 640 3499 o
662 3434 794 3499 Pindaro
815 3434 902 3500 Nem.
920 3436 968 3499 IV
986 3438 1045 3517 79,
1063 3436 1214 3501 Achillem
1228 3436 1372 3500 hahuisse
1386 3435 1518 3500 insulem

515 3552 625 3617 clerum
656 3554 688 3619 in
718 3552 818 3619 Ponto
848 3553 987 3619 Euxino:
1020 3578 1056 3619 es
1085 3578 1145 3619 non
1178 3555 1345 3640 significet,
1377 3544 1421 3619 ihi
1450 3562 1520 3639 post

515 3682 641 3738 mortem
673 3673 761 3738 illum
793 3673 963 3752 hebitnsse,
997 3696 1100 3739 verum
1131 3694 1197 3738 eom
1226 3673 1272 3737 illi
1300 3674 1394 3737 tuisse
1418 3694 1521 3737 conse·

516 3800 639 3855 erstem.

565 3912 636 3976 149.
671 3912 771 3977 πολλά
792 3936 821 3977 κ.
844 3938 873 3979 τ,
897 3929 926 3976 λ.
961 3910 1134 3977 (lohsereut
1156 3912 1230 3977 hoec
1245 3933 1317 3975 cum
1332 3932 1423 3973 versu
1441 3912 1519 3972 luo:

518 4028 687 4111 ubiPoets
710 4051 727 4093 s
751 4031 830 4094 ritse
853 4052 973 4095 summe
994 4030 1140 4095 felicitate
1162 4040 1193 4094 et
1215 4029 1314 4114 glorie
1336 4027 1458 4092 transiit
1480 4025 1520 4090 nd

517 4146 621 4211 tuturo
644 4158 712 4231 post
735 4158 860 4214 mortem
883 4150 998 4234 gaudis
1019 4148 1206 4213 celebrande
1231 4148 1399 4232 Postquam
1414 4146 1519 4231 prucis

518 4265 617 4330 verbis
641 4288 753 4351 poenes
776 4268 982 4333 maleficorum
1005 4270 1198 4352 memoravit,
1226 4269 1289 4354 jem
1311 4267 1465 4351 copiosius
1487 4266 1520 4330 in

518 4384 673 4449 hestorum
697 4394 777 4449 sorte
801 4386 1003 4470 praedicenda
1018 4396 1155 4451 versatus
1170 4394 1233 4449 est:
1257 4386 1399 4461 fortusse,
1423 4406 1518 4467 quum

518 4500 685 4582 Cadmum,
723 4503 828 4583 Pelen,
865 4504 1017 4571 Achillem
1052 4502 1207 4580 laudaret,
1244 4502 1406 4588 proessgiit
1433 4502 1520 4586 qussi
