3725 5542
943 643 1008 702 296

512 846 563 906 15.
598 844 752 921 καμόντες.
788 842 835 906 110
865 843 1032 927 majoribus
1061 843 1211 909 Theronis
1239 853 1310 929 post
1333 844 1483 910 Thersan-

464 960 554 1024 drum
579 982 677 1046 pauca
699 967 774 1024 cunt
796 961 935 1045 cognite:
958 960 993 1023 hi
1016 968 1120 1025 cutem
1142 961 1262 1026 labores
1285 984 1348 1026 non
1369 963 1481 1047 primo·

465 1104 533 1145 rum
564 1087 721 1145 atavorum
753 1087 824 1143 ante
854 1078 1084 1144 Thersandrum
1111 1081 1341 1165 significantur,
1365 1081 1418 1146 sed
1441 1081 1482 1145 ad

465 1222 501 1264 ea
530 1208 668 1284 tempora
697 1198 870 1283 pertinent,
900 1220 979 1283 quae
1001 1199 1104 1283 gentis
1127 1200 1194 1283 ejus
1215 1200 1249 1263 in
1271 1197 1408 1263 Siciliam
1431 1198 1482 1263 ad·

466 1324 591 1381 uentum
622 1317 759 1402 proxime
789 1326 1039 1402 praecesserunt,
1070 1323 1126 1381 aut
1149 1316 1187 1381 ad
1210 1318 1314 1402 ipsum
1337 1340 1408 1383 cum
1431 1317 1483 1381 ad-

466 1442 601 1499 ventum.
649 1433 715 1499 Nec
745 1433 915 1521 quidquam
947 1433 986 1499 de
1015 1435 1070 1499 illo
1098 1434 1233 1501 adventu
1262 1437 1481 1521 cognovimus,

465 1554 527 1617 nisi
555 1551 772 1617 Telemachum
803 1552 837 1617 iu
867 1552 1003 1617 Siciliam
1025 1552 1154 1631 abiisse,
1178 1574 1276 1638 quum
1298 1554 1393 1617 frater
1415 1555 1482 1640 ejus

464 1670 585 1755 Clytius
616 1670 648 1735 in
671 1669 772 1734 Thera
794 1678 941 1734 maneret.
988 1669 1105 1735 Verum
1127 1671 1315 1736 credendum
1338 1695 1412 1737 sane
1435 1681 1482 1737 est

464 1786 615 1864 Pindaro,
640 1786 736 1851 fuisse
759 1786 884 1851 illorum
908 1808 1036 1871 magnos
1060 1787 1190 1851 labores.

512 1908 565 1970 15.
595 1906 685 1987 θυμῷ.
716 1904 790 1971 Non
813 1905 1017 1991 significatur,
1041 1928 1094 1970 eos
1116 1929 1228 1992 magno
1251 1907 1354 1972 animo
1374 1907 1484 1972 tulisse

465 2024 603 2103 labores,
628 2024 681 2089 sed
704 2023 825 2088 labores
848 2023 919 2088 illos
941 2024 982 2088 ad
1005 2024 1144 2089 animum
1166 2026 1369 2109 pertinuisse:
1398 2024 1483 2089 velut

465 2143 620 2208 Homerus
636 2140 705 2206 od.
728 2142 745 2206 I
769 2146 791 2205 4

514 2263 616 2327 πολλοὶ
639 2261 666 2325 δ’
687 2258 735 2338 ὅγ’
758 2262 788 2325 ἕν
814 2260 909 2340 πόντῳ
932 2259 1025 2325 πάθεν
1047 2259 1151 2337 citrea
1173 2257 1204 2325 ὃν
1225 2260 1309 2325 κατὰ
1330 2261 1430 2337 θυμόν.

511 2384 562 2445 16.
587 2380 657 2461 ἱερὸν
672 2378 781 2456 cimmo
796 2384 944 2455 ποταμοῦ.
969 2379 1189 2463 Agrigentum,
1206 2376 1245 2441 ad
1261 2377 1375 2441 flumen
1391 2379 1486 2443 Aera·

465 2504 559 2583 ganta
578 2498 723 2583 positum.
756 2496 811 2581 Py.
833 2494 900 2559 XII
920 2499 941 2559 4
959 2492 1008 2560 ἄπ’
1028 2495 1130 2575 ὄχθοις
1145 2496 1193 2560 ἔπι
1208 2494 1381 2572 μολοβοπον
1395 2495 1485 2567 salse

465 2614 677 2694 Ἀκράγαντος.
707 2612 828 2679 Ibidem
844 2612 1050 2697 Agrigentum
1073 2609 1188 2675 dicitur
1208 2610 1394 2693 Φερσεφόνας
1409 2610 1483 2682 ’ἕδοςι

467 2740 574 2795 utrum
597 2729 655 2794 hoc
678 2729 746 2793 loco
768 2729 839 2807 ἱερὸν
863 2750 899 2793 ea
921 2728 1145 2813 significatione
1160 2750 1201 2791 an
1215 2750 1275 2791 usu
1296 2728 1383 2813 epico
1398 2728 1486 2792 illus·

467 2847 570 2912 trandi
593 2862 685 2912 cause
696 2847 833 2931 positum
845 2846 900 2923 sit,
922 2853 959 2909 ut
970 2844 1054 2930 apud
1065 2844 1234 2909 Homerum
1245 2843 1308 2911 Od.
1320 2845 1338 2909 I
1350 2848 1370 2907 2
1383 2847 1486 2926 Τροίης

468 2966 538 3048 ἱερὸν
560 2966 739 3046 πτολίεθρον,
763 2973 795 3029 01
817 2966 1001 3042 sexcenties,
1025 2964 1065 3028 ad
1088 2963 1143 3049 Py.
1163 2963 1230 3027 XII
1247 2964 1486 3050 disputabimus.

518 3084 568 3145 18.
602 3081 767 3161 ὀφθαλμός.
803 3080 904 3146 Decus
934 3081 1066 3146 maxima
1096 3081 1299 3165 conspicuum
1329 3081 1389 3146 hcc
1418 3082 1487 3145 loco

469 3200 669 3285 significatur.
709 3198 841 3263 Paulum
863 3198 966 3263 differt
986 3198 1168 3284 significatio
1188 3197 1239 3263 Ol.
1255 3197 1304 3263 VI
1320 3202 1381 3277 ul,
1403 3200 1487 3283 quod

469 3340 526 3382 suo
550 3318 617 3382 loco
641 3316 870 3382 annotabimus.

515 3437 568 3499 21.
602 3434 747 3511 γνησίοις.
782 3432 957 3498 Scholiasta
986 3442 1075 3498 vetus
1105 3432 1239 3517 explicat
1265 3434 1422 3518 proprias,
1446 3434 1489 3498 la·

469 3554 542 3618 bore
566 3560 687 3638 pertas,
711 3573 774 3616 uon
798 3550 949 3615 adscitas:
974 3550 1073 3627 alius,
1097 3549 1136 3613 ab
1159 3551 1278 3635 origine
1301 3550 1421 3616 insitas.
1445 3551 1488 3615 Et

469 3670 645 3736 Bocchhius
673 3670 784 3734 insitas
814 3678 943 3747 natura,
978 3690 1075 3753 quum
1105 3674 1213 3732 contra
1234 3669 1335 3752 gratia
1357 3676 1390 3733 et
1411 3669 1488 3734 divi·

469 3790 529 3853 tiae
561 3789 623 3852 sint
653 3788 832 3873 acquisitae.
888 3786 999 3851 Potius
1029 3786 1243 3870 significantur
1273 3786 1486 3872 incorruptae,

470 3929 567 3972 verae.
614 3903 665 3969 Sic
688 3904 771 3991 apud
795 3904 954 3969 Pollucem
976 3903 1013 3967 L.
1037 3903 1091 3967 ΠΙ
1114 3902 1149 3968 0.
1174 3903 1205 3967 X
1224 3926 1318 3987 segm.
1337 3905 1379 3966 86
1396 3904 1487 3984 ἀργά

469 4048 525 4105 ρνον
547 4026 679 4101 γνήσιον,
704 4024 843 4103 καθαρὸν,
867 4022 994 4099 ἀμιγὲς,
1009 4020 1146 4102 ἄκρατον.
1179 4019 1360 4098 Philemon,
1377 4021 1485 4106 fragm.

471 4142 505 4206 Π
528 4165 563 4205 vs
588 4143 605 4207 7
631 4141 679 4205 ed.
704 4140 854 4205 Brunclrii

625 4259 697 4322 AEhh'
718 4252 796 4328 ὅστις
819 4254 920 4321 ἄδολον
943 4256 1115 4333 mclxv?
1137 4256 1216 4335 ἔχων
1237 4256 1327 4339 φύσιν

627 4372 699 4441 εἶναι
721 4374 828 4447 δίκαιος
851 4378 901 4441 κού
923 4376 1014 4441 δοκεῖν
1036 4371 1109 4441 εἶναι
1131 4375 1217 4439 θέλει.
