3725 5542
1000 702 1069 764 tls

530 919 606 982 gara
627 899 838 979 condiderint,
862 901 975 985 partim
999 899 1143 966 Rhodum
1167 901 1279 966 abiisse
1301 903 1396 970 dicit:
1421 929 1457 971 ea
1473 929 1543 973 vero

528 1019 697 1100 posteriora
719 1019 815 1082 fuisse
835 1020 891 1096 iis,
916 1041 996 1103 quae
1019 1019 1058 1083 ab
1081 1019 1216 1084 Homero
1240 1032 1403 1088 narrentur
1417 1023 1456 1089 de
1471 1025 1540 1090 Tle-

529 1133 668 1218 polemo:
699 1157 756 1200 nec
786 1135 956 1221 Tlepolemi
986 1137 1157 1214 coloniam,
1189 1137 1227 1202 ab
1252 1137 1386 1204 Homero
1409 1162 1540 1208 comme·

527 1261 693 1330 moratam,
717 1255 781 1317 sive
803 1275 840 1317 ea
863 1252 989 1316 Aeolica
1012 1263 1044 1318 et
1065 1253 1212 1319 Boeotico
1234 1256 1345 1334 luerit,
1370 1259 1434 1324 sive
1450 1263 1541 1346 Arpis

524 1380 556 1434 et
583 1373 731 1460 'lirpntlre
754 1372 909 1456 prolecta,
932 1371 1075 1435 Doricam
1099 1371 1315 1456 appellandam
1339 1397 1420 1454 esse,
1445 1399 1541 1462 quum

523 1504 595 1557 aute
629 1489 865 1554 Heraclidarum
900 1487 1040 1552 reditum
1077 1489 1179 1553 luerit
1224 1490 1341 1555 Tamen
1371 1491 1541 1578 Tlepolemi

522 1610 675 1674 coloniam
702 1628 764 1671 non
788 1612 909 1669 tantum
932 1605 1029 1680 fuisse
1053 1603 1202 1683 affirmat,
1229 1627 1334 1672 rerum
1357 1610 1450 1673 etiam
1474 1631 1539 1675 eam

522 1727 617 1790 fuisse
639 1721 893 1788 Heraclidarum:
918 1721 974 1784 illa
997 1721 1035 1785 de
1059 1721 1262 1786 Doriensibus
1278 1723 1402 1805 νεώτεραι
1414 1731 1472 1790 τῶν
1486 1729 1539 1808 ὑφ’

521 1846 649 1923 Ὀμήρου
670 1841 839 1919 λεγομένων
861 1841 934 1904 ἐστί.
983 1839 1078 1912 Κνίδος
1102 1841 1158 1916 μὲν
1182 1840 1216 1914 dcl
1239 1843 1290 1906 eat
1312 1845 1540 1924 Ἁλικαρνασσὸς

520 1958 577 2025 οὔδ’
600 1958 633 2036 ἦν
656 1983 712 2024 no.
756 1957 855 2028 ‘rote
877 1956 902 2020 δ’
928 1953 961 2031 ἦν
983 1956 1033 2019 καὶ
1056 1961 1138 2038 Κῶς,
1161 1958 1234 2021 ἀλλ’
1257 1958 1357 2038 &reiro
1382 1959 1436 2042 tl&
1457 1964 1541 2040 ‘lipa-

521 2077 645 2141 κλειδῶν.
689 2075 892 2150 Τληπόλεμος
929 2073 985 2149 μὲν
1019 2069 1067 2136 οὖν
1100 2073 1248 2150 bipedale

790 2190 906 2255 Αὐτίκα
928 2187 1039 2268 πατρὸς
1063 2188 1117 2252 ἑοῖο
1138 2213 1168 2254 ιι.
1192 2213 1221 2254 τ.
1245 2205 1275 2258 λ.

520 2307 698 2372 Herodotus
719 2307 756 2371 L.
781 2305 847 2371 VII
870 2309 913 2369 98
939 2305 1105 2369 Dorienses
1128 2305 1162 2370 in
1185 2307 1261 2370 Asia
1276 2307 1450 2373 habitantes
1465 2309 1541 2374 dicit

519 2448 585 2490 ease
617 2447 652 2489 er
686 2424 916 2509 Peloponneso:
949 2424 1030 2488 idem
1055 2447 1082 2489 c.
1106 2429 1147 2489 99
1172 2425 1320 2510 quaedam
1343 2419 1438 2511 prope
1460 2425 1540 2491 Rho·

518 2543 594 2607 dum
617 2544 691 2606 sitae
714 2543 854 2606 civitates
877 2541 987 2626 partim
1005 2539 1165 2626 Epidauro
1181 2544 1306 2628 repetit,
1324 2545 1436 2628 partim
1451 2543 1540 2608 Troe

518 2683 608 2725 aene:
639 2663 738 2744 ipsam
769 2657 913 2722 Rhodum
945 2658 1082 2744 appellat
1114 2659 1330 2737 Doriensium,
1353 2659 1391 2725 L.
1416 2659 1481 2724 VII
1503 2658 1537 2724 C.

522 2783 601 2844 178:
626 2787 657 2842 et
679 2777 875 2862 Thucydides
898 2775 936 2840 L.
961 2773 1026 2840 vn
1051 2779 1091 2842 dl
1117 2775 1255 2840 Rhodios
1279 2777 1355 2842 dicit
1375 2775 1538 2842 Dorienses

519 2896 650 2980 Argivos
679 2917 800 2980 genere
837 2892 952 2957 Verum
983 2893 1157 2958 Muellerus
1188 2893 1379 2979 Epidaurum
1404 2894 1537 2978 quodam

517 3033 620 3075 amore
633 3011 846 3096 amplectitur:
863 3010 1009 3074 Doricam
1024 3009 1177 3074 coloniam
1193 3031 1277 3088 mm,
1295 3032 1374 3094 quae
1387 3021 1494 3095 postea
1506 3013 1537 3076 in

517 3128 571 3192 illa
600 3128 693 3193 Asiae
723 3128 790 3192 loca
821 3128 918 3204 venit,
952 3127 1038 3212 prius
1069 3125 1261 3211 aliquamdiu
1284 3126 1434 3212 Epidauri
1458 3149 1537 3193 com·

516 3258 665 3310 moratam
688 3246 799 3322 luisse,
823 3245 943 3309 cultum
967 3243 1146 3328 Aesculapii
1170 3244 1335 3310 adscivisse
1357 3245 1444 3310 dicit.
1488 3245 1536 3310 Ita

514 3365 547 3427 in
579 3365 617 3427 iis
644 3364 718 3427 locis
741 3363 893 3426 exstitisse
916 3369 1024 3446 gentes
1048 3361 1282 3426 Heraclidarum
1308 3371 1340 3426 et
1363 3363 1536 3449 Accolepia·

515 3481 634 3546 darum.
680 3480 748 3545 Nec
769 3499 842 3545 sane
866 3501 923 3566 ego
946 3501 1118 3564 negavero,
1143 3480 1273 3544 Doricos
1296 3479 1441 3559 colonos,
1466 3503 1534 3558 coa,

515 3623 593 3684 quos
621 3599 731 3665 Strabo
754 3611 922 3677 memoret,
946 3597 1091 3663 Rhodum
1115 3609 1222 3683 postea
1244 3599 1371 3663 venisse.
1421 3597 1533 3663 Verum

513 3719 725 3804 Tlepolemum
747 3741 784 3783 eo
806 3719 891 3803 prins
913 3739 976 3782 nou
1000 3718 1190 3801 pervenisse,
1213 3719 1340 3802 ejusque
1356 3716 1467 3781 lamam
1484 3717 1531 3782 ad·

512 3847 622 3900 ventus
638 3846 744 3922 postea
758 3833 978 3899 traditionibus
994 3833 1139 3898 insortam
1155 3833 1250 3898 fuisse
1262 3833 1339 3898 dicit
1350 3833 1530 3912 Muellerus,

512 3975 611 4038 quum
630 3955 695 4039 jam
718 3954 810 4038 Argis
834 3949 1016 4016 Heraclidae
1039 3950 1105 4028 illi,
1129 3951 1184 4035 qui
1207 3951 1381 4036 expressius
1404 3950 1531 4014 Dorien-

510 4093 558 4135 ses
581 4071 727 4158 appellati
749 4081 844 4148 sunt,
861 4072 947 4155 prius
964 4069 1175 4154 Epidaurum,
1192 4067 1304 4134 deiude
1319 4069 1353 4133 iu
1368 4067 1423 4132 illa
1438 4069 1531 4132 Asiae

508 4188 576 4252 loca
606 4191 827 4275 pervenissent.
862 4185 980 4252 Verum
1011 4185 1134 4252 difficile
1166 4195 1212 4250 eat
1242 4185 1390 4272 probare,
1422 4185 1448 4252 si
1475 4187 1529 4272 qui

509 4316 617 4392 postea
638 4305 784 4371 Rhodum
809 4305 912 4370 coloni
936 4313 1107 4382 venerunt,
1131 4303 1247 4370 idcirco
1260 4306 1345 4392 prius
1360 4305 1529 4390 Tlepolemi

508 4426 660 4490 coloniam
686 4446 723 4490 co
745 4445 809 4488 nou
832 4423 1015 4509 pervenisse.
1051 4423 1092 4486 Ht
1115 4424 1242 4488 omnmo
1257 4427 1399 4508 argutius
1414 4433 1446 4488 et
1461 4444 1531 4488 con·
