3725 5542
954 647 1020 706 294

720 846 797 917 νίκης
820 841 903 919 ι’ίγιον
926 850 1055 923 sporcio
1076 844 1248 923 κάκροθίνια.

473 965 611 1048 Tropaea
641 963 782 1027 novimus
814 961 937 1045 proprie
968 961 1064 1025 inisse
1094 961 1196 1045 posita
1224 982 1261 1023 eo
1283 960 1351 1024 loco
1374 960 1489 1044 spolia,

474 1104 536 1167 quo
567 1080 672 1145 hostes
703 1079 777 1144 victi
801 1078 950 1156 fuissent,
979 1077 1038 1140 boc
1062 1085 1165 1142 tamen
1187 1077 1256 1143 loco
1279 1078 1492 1163 significantur

474 1199 590 1285 spolia,
620 1219 698 1282 quae
729 1197 825 1261 victor
848 1217 953 1259 secum
976 1194 1119 1261 ducebat.
1167 1194 1283 1261 Similis
1305 1218 1378 1281 ergo
1400 1197 1433 1261 in
1456 1218 1492 1261 eo

473 1317 624 1381 vocabulo
648 1324 694 1381 est
717 1313 952 1401 significationis
975 1313 1138 1379 translatio
1158 1321 1252 1397 atque
1271 1313 1305 1377 in
1323 1315 1493 1394 ἀκροθινίοις.

519 1435 664 1499 Ceterum
700 1432 792 1498 scribi
826 1432 904 1497 solet
940 1432 1101 1511 οὶκροθίνιιο,
1137 1454 1194 1497 neo
1230 1440 1382 1517 qnantum
1413 1432 1493 1510 scio,

473 1553 607 1631 οὶκρθθινο
639 1552 700 1616 uisi
726 1550 786 1615 hoc
808 1548 936 1613 Pindari
959 1549 1028 1615 loco
1051 1558 1083 1613 et
1109 1548 1159 1613 Ol.
1183 1548 1214 1613 X
1238 1552 1292 1614 69.
1338 1548 1419 1613 Sunt
1441 1550 1496 1633 qui

472 1670 621 1755 adjective
653 1670 789 1754 positum
820 1676 932 1754 putent
962 1690 980 1731 a
1007 1668 1198 1732 nominativo
1221 1668 1350 1749 alapo'lrr,
1374 1676 1412 1732 ot
1435 1669 1494 1733 boc

473 1789 540 1852 loco
563 1788 770 1872 conjungatur
792 1806 864 1849 cum
886 1782 1100 1863 Ὀλυμπιάδα,
1125 1784 1181 1849 illo
1201 1784 1298 1849 altero
1319 1807 1390 1849 cum
1410 1786 1495 1851 δόσιν.

474 1904 574 1969 Credo
597 1913 701 1967 tamen
724 1924 790 1966 esse
813 1902 1040 1966 substantivum
1065 1924 1177 1987 genere
1197 1910 1318 1968 neutro.

525 2026 575 2086 10.
606 2021 787 2098 γεγωνητέον
806 2022 866 2086 tart.
898 2018 989 2085 Nem
1006 2019 1059 2083 ΠΙ
1078 2022 1141 2083 116
1161 2021 1209 2085 θινὶ
1225 2022 1379 2087 κελαδέων.
1402 2021 1495 2086 Hom.

479 2140 519 2204 Il.
545 2140 561 2203 Ι
586 2141 652 2202 604

590 2254 737 2321 Macrales
761 2255 802 2329 θ’,
827 2250 860 2317 οἳ
882 2251 975 2319 ἄειδον
997 2253 1196 2331 νίμειβίμενιιι
1219 2253 1268 2318 tei
1291 2264 1381 2336 κοιλῇ.

530 2376 580 2437 ll.
617 2373 721 2436 δίκαιον
743 2370 830 2449 ξένον.
865 2370 1012 2435 Justitiae
1042 2372 1167 2436 nomine
1197 2373 1298 2436 omnis
1329 2394 1402 2457 erga
1431 2371 1500 2436 hos-

479 2492 558 2576 pites
582 2490 794 2555 benevolentia
817 2495 849 2553 et
867 2488 1036 2553 liberalitas
1055 2490 1246 2567 continetur,
1262 2491 1388 2575 pietatis
1404 2492 1498 2555 etiam

479 2607 571 2672 titulo
595 2607 785 2672 celebrande
833 2605 929 2670 Velut
952 2605 1035 2692 apud
1060 2606 1248 2684 Homerum,
1273 2606 1333 2671 Od.
1357 2607 1407 2671 IX
1434 2610 1494 2673 175

603 2725 620 2799 ἥ
643 2721 665 2802 ῤ’
688 2722 744 2800 οἵγ’
769 2722 906 2801 ὑβρισταί
927 2748 963 2787 σε
984 2723 1034 2786 καί
1058 2724 1153 2803 ἄγριοι
1175 2723 1237 2787 οὐδὲ
1260 2723 1379 2797 δίκαιοι,

603 2842 635 2917 ἠὲ
658 2840 812 2923 φιλόξεινοι
835 2842 892 2905 sal.
907 2849 979 2923 σφιν
1003 2841 1062 2913 νόος
1084 2842 1146 2905 ἐστὶ
1170 2842 1292 2916 θεονθιίς.

481 2959 528 3023 De
561 2958 712 3022 Theronis
747 2957 931 3023 liberalitate
967 2959 1141 3022 conferatur
1172 2958 1266 3043 hujus
1297 2960 1441 3023 carminis
1465 2981 1498 3021 vs

485 3079 545 3141 170
570 3087 601 3140 et
628 3079 700 3139 179.

527 3196 578 3256 12.
612 3190 719 3272 ἔρεισμ’
742 3190 957 3272 Ἀκράγαντος.
992 3191 1034 3255 Et
1061 3191 1099 3256 ad
1127 3194 1282 3278 justitiam
1313 3194 1433 3279 imperii
1465 3204 1496 3259 et

479 3310 518 3375 ad
549 3310 779 3387 fortitudinem,
812 3333 905 3397 quem
937 3310 1053 3397 proelio
1087 3312 1260 3377 Himerensi
1284 3316 1497 3398 praestiterat,

479 3430 554 3493 haec
579 3428 717 3493 laudatio
742 3432 887 3514 pertinet.

529 3550 577 3610 14.
614 3548 717 3611 ιἰιοσον.
752 3546 847 3612 Recte
879 3557 983 3614 monet
1014 3547 1215 3627 Karstenius,
1246 3572 1310 3615 uon
1332 3550 1497 3636 significari

479 3665 538 3728 hoc
568 3664 636 3728 loco
668 3687 756 3749 posse
781 3668 1074 3751 praestantissimam
1098 3676 1232 3753 partem:
1257 3669 1424 3753 significari
1446 3691 1498 3754 po

479 3784 541 3847 lius
572 3783 682 3847 decus:
714 3784 869 3868 quomodo
902 3784 994 3869 Pyth.
1027 3785 1075 3849 IX
1107 3788 1126 3848 5
1156 3786 1356 3851 Telesicrates
1383 3786 1498 3853 dicitur

479 3902 665 3978 στεφάνωμα
690 3904 831 3980 Κομίνιος.
877 3903 980 3968 Decus
1004 3902 1144 3969 additum
1168 3914 1200 3968 et
1223 3920 1438 3971 ornamentum
1461 3928 1498 3971 eo

479 4016 628 4081 vocabulo
660 4019 851 4103 significatur
881 4018 933 4083 01.
958 4020 1011 4083 ΠΙ
1034 4025 1073 4099 5,
1108 4020 1211 4102 ὕμνον,
1243 4023 1497 4100 &commorabor

476 4132 572 4198 ίνιποιν
602 4134 710 4217 ἄοινον,
742 4144 774 4200 et
804 4136 909 4202 eodem
935 4137 1027 4202 modo
1051 4137 1101 4202 Ol.
1127 4138 1156 4199 V
1179 4142 1199 4201 2
1225 4140 1334 4220 οίρετῖιν
1355 4142 1405 4215 κοί
1430 4164 1497 4205 στε-

477 4252 578 4332 φιίνιον
609 4252 711 4319 ἄωτον.
758 4254 894 4319 'I'aielius
919 4255 1084 4339 significari
1107 4256 1205 4321 credit
1229 4257 1356 4341 prolem.
1403 4256 1494 4321 Certe

479 4391 514 4431 ea
537 4368 720 4454 significatio
743 4378 790 4435 est
812 4370 906 4457 hujus
930 4374 1075 4438 carminis
1099 4397 1133 4437 vs
1157 4376 1197 4437 81
1223 4373 1365 4438 vocabuli
1387 4375 1494 4450 θοίλος,
