3725 5542
722 840 742 867 0
805 752 869 813 479

333 950 522 1036 appellatum
546 945 715 1030 Lelegum,
740 964 818 1028 quos
842 940 1008 1027 aliquando
1032 965 1048 1007 e
1069 951 1148 1009 terra
1168 944 1354 1011 Deucalioui

334 1068 468 1155 dedisset
490 1065 630 1150 Jupiter:

418 1186 506 1251 Ἤτοι
528 1184 590 1261 γὰρ
612 1180 720 1261 Λοκρὸς
737 1180 877 1255 Λελέγων
899 1179 1036 1257 ἡγήσατο
1058 1186 1156 1256 λαιῶν,

421 1303 498 1372 Totis
522 1299 557 1382 ῥά
579 1323 651 1363 ποτε
674 1298 805 1377 Κρονίδης
829 1298 902 1369 Ζεὺς
924 1294 1040 1379 ἄφθιτοι
1062 1298 1159 1373 μήδεα
1182 1298 1259 1369 εἰδὼς

427 1419 556 1490 Asseros
579 1419 612 1483 ἐκ
635 1417 724 1493 γαίης
748 1416 838 1486 λαοὺς
861 1415 930 1495 πόρε
955 1416 1144 1481 Asoactlcm.

335 1539 485 1624 Idemque
507 1534 701 1621 geographus
724 1533 839 1599 ibidem
861 1533 966 1611 docet,
992 1555 1042 1599 eos
1047 1582 1058 1612 ,
1082 1534 1136 1618 qui
1159 1542 1234 1599 tuno
1258 1533 1353 1599 Locri

335 1666 453 1735 esseut,
486 1656 524 1721 ab
556 1652 722 1719 Aristotele
745 1652 873 1736 Lelegas
897 1660 1021 1716 vocstos
1045 1674 1119 1717 esse.
1167 1652 1252 1717 Hsec
1275 1673 1348 1737 ergo

335 1776 463 1858 antiqua
484 1772 576 1837 Locri
599 1771 744 1836 memoria
768 1771 841 1835 huic
864 1770 1002 1865 Pindari
1013 1770 1081 1835 loco
1101 1771 1253 1836 convenit.
1288 1770 1352 1835 Eu-

335 1891 468 1957 ststhius
499 1897 603 1954 autem
632 1888 672 1953 ad
702 1888 740 1953 ΙΙ.
774 1888 810 1952 II
837 1891 900 1951 531
925 1888 1005 1953 hono
1028 1889 1116 1973 ponit
1138 1888 1347 1974 genealogiam

335 2019 485 2075 veterem:
509 2006 785 2092 Amphictyonem,
809 2006 964 2090 Physcum
987 2029 1004 2071 e
1028 2006 1277 2093 Chthonopstra,
1294 2006 1352 2073 Lo·

336 2150 432 2193 orum.
467 2124 639 2190 Scholiasta
662 2132 749 2188 vetus
773 2124 812 2189 ad
834 2123 929 2209 hujus
950 2125 1091 2189 carminis
1108 2148 1140 2189 vs
1159 2128 1200 2189 96
1216 2124 1352 2191 Locrum

337 2244 414 2310 dicit
443 2244 545 2309 filium
574 2241 829 2328 Amphictyouis,
857 2241 914 2305 lilii
936 2241 1040 2307 Jovis:
1066 2250 1158 2327 atque
1181 2244 1213 2307 iu
1236 2242 1353 2308 scholio

337 2372 438 2428 vetere
470 2362 508 2426 od
536 2384 570 2425 va
595 2364 635 2426 79
659 2360 808 2445 legimus,
831 2359 966 2425 Locrum
989 2360 1084 2425 fuisse
1104 2359 1201 2425 Iovis.
1237 2360 1354 2427 Verum

338 2482 397 2546 hoe
427 2502 535 2566 parum
559 2479 724 2563 diligenter
746 2477 895 2562 scriptum
919 2477 1058 2555 videtur,
1083 2501 1183 2565 neque
1209 2478 1353 2565 Amphio·

338 2600 441 2684 tyonis
475 2596 660 2681 negligenda
693 2596 848 2660 memoria.
895 2594 988 2661 Hunc
1023 2594 1220 2661 Deucalionis
1255 2597 1352 2661 filium

338 2717 433 2781 fuisse
456 2720 582 2800 etpost
604 2712 758 2778 Cranaum
780 2735 922 2797 regnasse
946 2713 1078 2778 Athenis
1101 2724 1227 2779 narrant
1243 2713 1355 2779 Pausa-

338 2835 404 2899 nias
434 2833 471 2898 L.
503 2832 535 2897 X
565 2832 601 2897 C.
625 2830 708 2896 VIII
742 2835 776 2908 l,
806 2830 842 2895 L.
867 2829 884 2893 I
908 2829 944 2894 Ο.
969 2830 1003 2895 Π
1028 2833 1066 2910 5,
1091 2840 1123 2896 et
1146 2832 1355 2918 Apollodorus

337 2952 375 3017 L.
401 2952 417 3016 I
440 2950 475 3015 0.
499 2949 574 3015 VH.
609 2949 657 3013 Sit
679 2971 752 3033 ergo
774 2948 893 3013 Locrus
916 2949 1151 3035 Amphictyouis
1175 2951 1354 3035 progenies,

340 3069 404 3133 sive
430 3067 531 3145 lilius,
555 3068 618 3131 sive
642 3090 658 3131 e
681 3066 801 3150 Physoo
824 3088 929 3151 nepos.

387 3184 645 3271 Amphictyouem
660 3183 867 3269 Apollodorus
875 3184 1073 3249 Deucalionis
1082 3193 1112 3250 et
1119 3185 1254 3271 Pyrrhus
1262 3186 1356 3251 fuisse

343 3303 454 3368 trudit:
479 3301 518 3367 de
540 3308 637 3367 matre
660 3301 746 3365 nulla
768 3301 951 3389 difficultas:
968 3303 1006 3367 de
1023 3311 1108 3389 patre
1125 3304 1214 3369 aliter
1229 3305 1256 3368 is
1272 3304 1358 3369 scho-

343 3421 450 3498 lisats,
475 3421 530 3505 qui
552 3442 622 3485 eum
646 3418 733 3485 Jovis
756 3419 851 3484 fuisse
874 3419 959 3484 dicit.
1006 3420 1116 3485 Dicam
1139 3421 1224 3507 quod
1247 3422 1355 3487 sentio.

344 3538 420 3604 Fuit
453 3538 622 3603 secuudum
653 3538 821 3602 Pindarum
853 3561 870 3603 e
898 3538 1017 3623 Pyrrha
1047 3548 1078 3604 et
1107 3540 1200 3617 Jove,
1233 3540 1358 3605 habitus

345 3677 416 3723 sero
447 3664 493 3720 est
519 3654 727 3721 Deucalionis.
774 3655 862 3721 Idem
886 3677 1011 3741 prorsus
1034 3656 1067 3720 in
1091 3655 1240 3735 Helleue,
1265 3656 1359 3723 lrstm

345 3776 428 3859 ejus,
460 3774 573 3839 iactum
600 3797 665 3839 asse
687 3775 857 3853 ceruimus,
882 3796 974 3859 quem
997 3775 1164 3839 seeundum
1189 3774 1360 3841 nonnullos

346 3891 432 3956 Jovis
459 3892 553 3956 fuisse
575 3891 784 3978 Apollodorus
807 3892 905 3959 docet.
953 3891 1024 3957 Jam
1048 3915 1117 3957 vero
1141 3894 1246 3979 stirpis
1269 3893 1362 3979 origi·

346 4032 416 4075 uem
450 4010 612 4075 retulimus
646 4010 685 4074 sd
716 4010 863 4095 Pyrrham
895 4019 927 4075 et
955 4009 1080 4075 Iovem:
1118 4012 1214 4097 igitur
1244 4011 1361 4097 Pyrrha

347 4130 518 4215 significata
540 4137 587 4193 est
608 4152 627 4193 a
648 4128 783 4194 Pindaro
806 4128 910 4214 puelle
933 4130 1034 4215 gentis
1057 4128 1281 4215 Iapetionidis‚
1297 4130 1362 4197 filis

347 4245 539 4332 Epimethei,
563 4246 620 4310 filii
641 4246 760 4331 Iapeti:
785 4245 920 4312 Oronida
943 4268 1014 4313 vero
1038 4248 1104 4333 ipse
1125 4246 1259 4333 Jupiter.

391 4362 509 4430 Verum
538 4386 602 4429 uuo
634 4373 727 4429 restat
757 4365 938 4431 difficultas:
973 4366 1128 4452 quomodo
1159 4366 1318 4452 potuerint
1347 4390 1365 4429 a

347 4483 481 4549 Pindaro
511 4483 661 4570 appellsri
690 4483 854 4570 indigenae
884 4508 1003 4571 semper
1037 4507 1142 4571 reges,
1171 4506 1267 4570 quum
1292 4486 1364 4551 Am·
