3725 5542
700 1038 880 1103 CAPUT
912 1039 974 1104 III.

490 1296 531 1338 DE
554 1294 689 1339 PROPRIA
711 1294 841 1340 PINDARI
864 1294 1049 1339 sumundum
1072 1294 1186 1338 tanna.

801 1512 877 1594 ar.

560 1745 606 1807 Dc
629 1744 761 1808 Pindari
782 1744 942 1808 ambiar
957 1742 1120 1825 princepio.

375 1977 647 2043 Considerantibus
677 1978 803 2043 Pindari
835 1978 988 2043 derebus
1011 1978 1123 2043 divinis
1146 1986 1177 2042 et
1200 1976 1343 2040 humanis

329 2118 396 2173 eas,
421 2118 497 2181 quas
520 2098 673 2182 persecuti
696 2120 818 2175 sumus,
843 2098 1028 2175 sententias,
1049 2119 1161 2180 magna
1179 2094 1341 2179 quaedam,

329 2214 390 2277 nisi
422 2213 528 2292 fallor,
554 2224 680 2300 apparet
703 2215 901 2300 simplicitas,
925 2215 958 2278 iu
982 2214 1098 2300 optimo
1121 2212 1272 2298 principio
1295 2234 1348 2296 po·

328 2332 406 2410 sita,
431 2354 482 2410 eo,
507 2333 592 2417 quod
616 2333 714 2397 omnis
738 2333 951 2419 philosophiae
974 2342 1006 2397 et
1021 2333 1144 2398 virtutis
1160 2331 1346 2416 principium

328 2449 407 2526 fuit,
432 2458 463 2513 et
486 2449 604 2513 oraculi
627 2449 728 2515 locum
749 2450 898 2529 obtinuit,
916 2457 1054 2515 nosceta
1070 2451 1145 2535 ipse.
1180 2450 1249 2514 Hoc
1266 2450 1346 2514 euim

330 2566 427 2630 Poeta
461 2568 628 2651 quaesivit,
665 2567 739 2651 quid
774 2567 895 2633 deceret
929 2568 1094 2634 hominem.
1144 2568 1213 2633 Hoc
1248 2570 1347 2633 omnis

328 2682 482 2761 melioris,
507 2706 599 2768 quam
623 2685 860 2763 commendavit,
885 2685 923 2750 de
947 2686 1016 2750 Diis
1039 2686 1208 2751 sententiae
1231 2693 1262 2750 et
1276 2709 1344 2751 nar·

327 2801 457 2865 rationis
482 2802 666 2888 principium
690 2803 764 2881 fuit,
789 2825 886 2889 quum
910 2804 954 2869 ita
973 2803 1079 2868 decere
1095 2803 1250 2868 hominem
1266 2802 1345 2867 dicc-

328 2929 386 2985 ret.
402 2920 425 3003 Ι)
459 2919 528 2984 Ηοο
551 2919 635 2984 illius
659 2920 811 2986 humanae
834 2921 973 3000 virtutis,
998 2944 1090 3006 quam
1111 2922 1224 2986 amavit
1238 2922 1345 2999 unice,

327 3038 548 3122 temperantiae
571 3045 602 3102 ct
622 3038 826 3103 continentiae
842 3040 1137 3104 commendationem
1152 3038 1345 3116 continebat,

327 3176 426 3239 quum
441 3178 502 3220 ncn
518 3156 550 3219 in
567 3156 685 3220 coelum
701 3156 820 3220 homiui
835 3156 1083 3221 adscendendum
1100 3180 1165 3221 esse
1181 3179 1236 3221 nec
1251 3179 1344 3241 supra

327 3272 454 3337 modum
491 3274 662 3337 humanum
695 3274 867 3359 optandum
902 3295 968 3339 csse
1002 3282 1135 3359 putaret.
1156 3278 1180 3358 ²)
1227 3274 1343 3339 Verum

326 3390 427 3477 ipsius
458 3392 593 3455 musicae
623 3392 719 3455 virtus
752 3414 789 3455 ex
818 3392 877 3455 hoc
909 3392 1060 3477 principio
1091 3392 1258 3477 repetenda
1287 3400 1343 3455 cst.

328 3506 409 3571 Nam
435 3508 568 3571 musicae
592 3509 715 3573 nomine
730 3508 822 3573 modo
839 3510 1036 3594 exposuimus
1052 3510 1128 3593 quid
1145 3508 1229 3573 aliud
1246 3508 1345 3572 dicam

326 3624 389 3689 nisi
411 3626 509 3709 ipsam
533 3625 730 3710 sapientiam,
754 3628 891 3711 reginam
916 3626 1067 3691 virtutum
1088 3627 1229 3710 vitaeque
1249 3626 1347 3689 totins

325 3750 449 3807 nostrae
480 3742 734 3808 moderatricem?
781 3744 866 3824 Quid
898 3751 1001 3809 autem
1033 3745 1168 3809 muneris
1193 3743 1345 3807 Pindarus

325 3860 461 3924 musicae
496 3860 680 3925 existimavit
711 3862 902 3947 propositum
935 3860 1021 3925 aliud
1052 3861 1112 3925 nisi
1144 3861 1346 3925 immortalem

324 4000 430 4042 rerum
453 4000 522 4042 vere
545 3978 770 4044 laudandorum
793 3980 1068 4065 praedicationem,
1092 3980 1252 4065 ipsiusque
1272 3981 1347 4045 veri·

325 4096 399 4159 tatis
435 4096 753 4162 commendationem?
799 4097 920 4177 Quodsi
956 4098 1053 4184 igitur
1087 4098 1238 4183 sapientia
1267 4097 1346 4163 nihil

326 4212 415 4277 aliud
449 4221 495 4278 est
528 4214 589 4278 nisi
622 4214 827 4302 intelligentia
862 4216 942 4293 veri,
975 4216 1127 4280 Pindarus
1159 4214 1345 4280 carminibus

366 4484 391 4545 1)
409 4482 480 4532 Cous.
496 4500 552 4549 paq.
571 4484 593 4534 8.
695 4484 720 4545 2)
738 4486 809 4536 Ocni.
825 4502 894 4551 papy.
913 4485 958 4545 37,
978 4485 1018 4538 57.
