3725 5542
948 752 1013 813 898

472 953 535 1016 tius
567 975 585 1016 e
612 973 662 1014 ess
696 951 757 1015 153
789 949 829 1014 ad
861 951 922 1014 157
956 948 1034 1013 effici
1064 949 1206 1026 videtur,
1238 950 1339 1015 solum
1362 953 1487 1016 Aenean

472 1071 599 1133 missum
631 1090 697 1132 esse
727 1089 799 1130 cum
830 1067 964 1130 carmine
995 1076 1026 1131 et
1056 1067 1144 1150 qnasi
1174 1089 1246 1132 cum
1272 1068 1425 1133 mandatis
1449 1069 1486 1133 ad

472 1208 541 1263 eos,
573 1186 627 1269 qui
658 1183 831 1269 Stymphali
861 1183 975 1247 loetum
1007 1184 1137 1267 Agesiae
1165 1194 1267 1248 essent
1289 1184 1486 1250 celebraturi:

472 1311 564 1387 atque
583 1324 634 1366 eos
652 1323 715 1366 non
731 1300 939 1386 Stymphalios
960 1300 1072 1377 luisse,
1093 1299 1180 1364 nulla
1199 1301 1318 1366 ratione
1330 1301 1488 1387 probabile

472 1430 528 1484 est.
552 1419 594 1483 Et
605 1419 733 1483 fortasse
745 1419 812 1502 ipse
824 1420 944 1482 Aeneas
956 1415 1168 1502 Stymphaliae
1181 1417 1260 1495 luit,
1274 1427 1305 1482 et
1316 1417 1437 1484 'Phebas
1449 1418 1487 1483 ad

471 1536 641 1601 Pindarum
652 1535 746 1613 venit,
758 1544 790 1600 et
801 1542 927 1618 accepto
939 1535 1072 1598 carmine
1084 1543 1115 1598 et
1127 1535 1269 1599 carminis
1281 1534 1372 1599 modo
1385 1535 1485 1600 rediit.

471 1652 582 1740 Neque
603 1654 636 1718 id
659 1654 762 1738 ipsum
784 1652 860 1717 satis
884 1660 1014 1717 constat.
1042 1653 1243 1730 Ἀγγειιςιι
1259 1654 1398 1718 σκυτάλα
1416 1663 1488 1719 Moe·

476 1775 533 1837 σιῖι
561 1770 750 1857 appellatur:
776 1779 857 1835 certe
880 1769 976 1855 igitur
998 1767 1163 1854 perillum
1192 1791 1312 1834 carmen
1337 1769 1487 1835 traditum

471 1899 518 1953 est
548 1888 722 1953 chorentis:
758 1908 864 1951 verum
895 1888 928 1950 in
958 1887 1098 1950 oratione
1129 1886 1248 1970 poetica
1271 1885 1389 1971 aliquid
1413 1908 1486 1950 sane

474 2009 645 2072 ornamenti
675 2016 739 2084 est,
769 2026 869 2089 neque
891 2002 1061 2068 absurdum
1084 2011 1131 2067 est
1153 2001 1293 2080 credere,
1317 2003 1484 2087 choragum

471 2147 591 2189 carmen
618 2125 657 2188 ad
689 2144 722 2186 se
753 2144 772 2185 a
801 2121 935 2185 Pindaro
965 2120 1094 2184 missum
1124 2117 1287 2183 tradidisse
1318 2119 1483 2185 chorentia.

470 2242 597 2307 Monere
624 2240 721 2325 igitur
750 2240 845 2303 Poeta
868 2237 1006 2314 videtur,
1032 2235 1123 2302 athi
1148 2243 1350 2324 cognoscant,
1375 2259 1414 2301 an
1438 2259 1485 2301 ve·

470 2365 564 2420 terem
603 2355 642 2420 de
675 2353 890 2418 Thebanorum
927 2351 1109 2438 stupiditate
1143 2352 1342 2440 ignominiam
1374 2353 1483 2438 fugiat.

468 2475 625 2539 ’Λλιιθέσιι
646 2473 745 2550 λόγοις
767 2471 806 2536 ab
829 2471 936 2536 eodem
961 2471 1126 2536 scholiasta
1148 2470 1278 2535 refertur
1300 2470 1338 2535 ad
1358 2477 1482 2549 γνῶιιιιε

469 2590 523 2653 sed
546 2590 671 2654 omnino
694 2589 887 2654 referendum
910 2598 958 2652 ost
980 2589 1019 2652 ad
1042 2591 1211 2672 φεύγομειι
1230 2589 1346 2673 qnippe
1361 2611 1398 2653 ea
1413 2611 1484 2652 vera

469 2708 556 2786 lans,
589 2728 667 2791 quae
698 2706 806 2771 falsam
828 2706 1029 2791 ignominiam
1053 2713 1224 2791 superaret,
1247 2706 1316 2790 ipso
1339 2705 1398 2770 hoc
1421 2725 1483 2770 oar·

469 2825 553 2889 mine
573 2823 709 2888 Pindaro
731 2824 894 2889 videbatur
915 2824 1067 2889 contineri
1085 2825 1155 2908 jure
1178 2823 1297 2888 merito.

517 2944 591 3006 152.
624 2943 761 3007 Βοιωτίαν
785 2939 828 3008 ὗν.
861 2939 979 3006 Notum
1007 2939 1101 3025 vulgo
1124 2947 1188 3018 est,
1212 2939 1296 3026 quod
1319 2939 1481 3004 Cornelius

469 3056 574 3144 Nepos
604 3058 749 3136 tradidit,
780 3059 864 3144 genti
894 3057 1111 3122 Thebanorum
1141 3057 1211 3142 plus
1242 3057 1341 3122 inesse
1370 3056 1480 3121 virium

469 3197 562 3261 qnam
592 3175 725 3260 ingenii:
757 3174 866 3260 Epam
897 3172 934 3240 G.
962 3174 1009 3238 V:
1041 3183 1073 3239 et
1103 3196 1182 3259 quae
1212 3197 1230 3239 a
1259 3149 1481 3259 Xenophonte,

470 3293 571 3358 duab.
593 3291 632 3357 L.
655 3291 718 3357 HL
742 3290 777 3356 G.
802 3292 829 3356 Ι.
853 3294 896 3354 26
921 3291 960 3357 de
983 3292 1170 3377 Apollonida
1191 3301 1372 3370 narrantur,
1396 3291 1481 3356 iniis

470 3412 563 3476 etiam
593 3410 736 3496 ponitur,
764 3409 854 3475 illum
884 3409 1063 3491 βοιωτιάζειν
1091 3421 1130 3492 τῇ
1159 3419 1259 3491 mori:
1282 3409 1377 3495 idque
1400 3417 1481 3474 certe

467 3529 522 3594 ille
543 3529 739 3606 memoravit,
763 3535 800 3592 nt
821 3527 995 3606 bominem,
1019 3550 1109 3612 quem
1133 3527 1326 3593 vehementer
1348 3535 1481 3592 contem·

467 3646 579 3724 nebat,
618 3647 709 3710 etiam
743 3644 929 3710 inurbanum
959 3646 1053 3710 fnisse
1083 3645 1277 3730 significaret
1321 3647 1425 3731 Atque
1447 3645 1481 3709 in

467 3764 554 3829 rudis
582 3763 765 3828 rusticitatis
795 3764 994 3848 ignominiam
1023 3784 1202 3828 conversum
1225 3763 1286 3827 fuit
1306 3771 1396 3828 retus
1419 3761 1483 3848 Hy-

470 3889 596 3958 autum,
618 3879 766 3946 boeotiae
788 3881 913 3967 populi,
937 3903 1059 3945 nomen.
1072 3879 1201 3958 Strabo,
1217 3879 1254 3944 L.
1271 3879 1336 3943 VII
1351 3902 1382 3965 p.
1399 3882 1480 3944 321:

469 4001 524 4073 τὴν
549 3999 686 4064 Βοιωτίαν
716 3999 805 4080 ἔσχον
827 3999 930 4071 Ἀιιες
961 3998 1012 4063 καὶ
1032 3997 1184 4076 Τέμβιιιες
1205 4002 1256 4062 καὶ
1276 3998 1421 4068 Ὕαντες·
1443 3999 1481 4068 cle

467 4115 499 4181 dl
521 4115 660 4198 Πίνδαρός
680 4125 788 4199 Φησιι·

678 4235 739 4298 Ἦν
760 4232 808 4299 ὅτε
830 4231 885 4304 ὕας
906 4234 1034 4298 Βοιώτιον
1056 4233 1130 4303 ἔθνος
1152 4229 1259 4298 ἔνετοι.

465 4350 571 4434 Atque
593 4371 630 4413 cx
652 4348 778 4415 Cratino
800 4351 889 4415 adfert
911 4349 1075 4415 scholiasta
1096 4359 1203 4415 vetus:

522 4464 613 4533 Οὖτιι
633 4467 735 4533 teleto
757 4469 942 4550 Συιβιιωτιὶ,
964 4466 1185 4552 κριυιιεζοφδριν
1206 4467 1289 4545 γένος
1309 4467 1423 4546 ἀνδρῶν.
