3725 5542
812 716 874 778 517

495 916 573 991 δίκην
595 915 744 992 σέβονται·
767 920 869 979 ταῦτα
890 914 951 992 γὰρ
974 912 1080 989 ξυνθνθ
1102 915 1174 991 ticoh

495 1035 573 1106 νίκην
595 1033 714 1097 δίδωσιν.

384 1156 414 1216 9.
450 1150 620 1229 ποιμαίνειν.
654 1149 748 1214 Recte
775 1148 939 1213 scholiasta
963 1150 1114 1213 recentior
1137 1149 1270 1235 explicat
1292 1150 1353 1214 διοι-

338 1276 413 1347 κεῖν,
449 1290 555 1333 curare
586 1275 617 1330 et
642 1267 822 1352 gubernare.
870 1266 977 1343 Plato,
1006 1266 1079 1351 Lys.
1110 1269 1173 1330 209
1204 1268 1294 1331 anal
1318 1268 1352 1333 τὸ

338 1392 425 1464 σῶμα
449 1383 541 1457 ἄλλος
564 1386 710 1463 ποιμαίνει
733 1384 781 1449 καί
804 1385 969 1464 θεραπεύει,
992 1384 1029 1449 σὺ
1052 1384 1081 1448 δὲ
1104 1384 1207 1465 ἄρχεις
1222 1386 1348 1456 othario:

340 1503 393 1567 uhi
416 1502 576 1580 ποιμαίνειν
599 1502 662 1566 tere
684 1501 767 1565 idem
791 1508 837 1564 est
860 1507 954 1584 atque
976 1498 1087 1581 ἄρχειν.

386 1623 437 1685 18.
472 1620 581 1697 κόσμον
603 1619 747 1695 ἁδυμελῆ.
783 1618 914 1682 Carmen
939 1616 1035 1681 Poeta
1057 1617 1134 1681 dicit
1156 1616 1278 1694 ιιθσμιν,
1304 1639 1350 1681 or-

273 1785 277 1791 ·
337 1746 516 1804 nomentum
540 1737 629 1823 quasi
648 1736 803 1822 quoddam
823 1736 906 1820 qnod
926 1743 1070 1800 cernatur
1089 1735 1201 1813 oeulis,
1221 1758 1350 1801 coronae

337 1855 494 1921 additum:
527 1862 558 1919 et
588 1853 746 1938 epitheton
777 1861 879 1917 tamen
911 1852 1054 1939 adjungit
1084 1852 1218 1928 ἁδυμελεῖ
1225 1900 1233 1927 ,
1264 1852 1348 1936 quod

336 1972 457 2057 proprie
480 1993 541 2035 uon
566 1970 639 2035 huie
662 1977 840 2034 ornamento
864 1969 918 2033 aed
941 1970 1002 2053 ipsi
1024 1968 1152 2033 carmini
1171 1970 1348 2033 conveniat:

337 2096 384 2152 est
417 2088 568 2173 quaedam
603 2087 726 2172 copiosa
757 2086 991 2171 comparationis
1023 2099 1054 2149 et
1084 2086 1127 2149 rei
1158 2094 1349 2170 comparatae

337 2206 529 2291 conjunctio:
554 2204 732 2289 scripsimus
757 2203 794 2267 de
818 2225 853 2267 ea
876 2202 915 2265 ad
938 2200 989 2266 Ol.
1013 2200 1060 2265 VI
1082 2205 1160 2276 141,
1181 2224 1249 2288 pag.
1272 2206 1347 2267 395.

384 2324 435 2385 14.
470 2321 631 2396 κελαδήσω.
666 2320 739 2384 Nou
763 2320 800 2383 ad
820 2320 916 2384 futuri
935 2320 1078 2384 carminis
1096 2312 1345 2404 pollicitationem

335 2439 394 2503 hoc
417 2438 567 2523 pertinet,
584 2438 637 2501 sed
653 2437 692 2500 ad
710 2436 768 2501 hoc
785 2459 926 2522 praesens
944 2458 1081 2514 carmen,
1098 2444 1129 2501 et
1142 2437 1224 2521 ipsas
1241 2437 1347 2502 Musas

333 2556 372 2621 ad
395 2556 465 2621 festi
489 2555 583 2641 hujus
606 2564 715 2620 cantus
738 2556 914 2623 societatem
936 2562 1038 2618 vocat:
1059 2554 1142 2619 haud
1158 2554 1347 2621 dissimiliter

332 2673 382 2738 Ol.
406 2674 454 2738 VI
486 2677 528 2739 36
560 2697 617 2737 sua
641 2673 774 2737 carmina
796 2694 815 2735 a
837 2672 938 2736 Musis
961 2673 1081 2757 repetit.
1130 2672 1239 2738 Forma
1262 2674 1346 2738 verbi

331 2790 437 2855 lutura
465 2791 508 2856 ibi
539 2791 654 2875 pariter
683 2790 716 2853 in
746 2812 779 2853 re
809 2788 962 2873 praesenti
990 2789 1131 2873 ponitur,
1155 2793 1343 2872 μαρτυρήσαι

331 2908 423 2971 etiam
456 2905 506 2971 Ol.
537 2906 567 2969 X
599 2908 660 2984 96,
687 2908 760 2970 100.
807 2906 960 2985 Κωμιίζειν
983 2906 1063 2969 enim
1087 2913 1133 2970 est
1155 2906 1268 2971 festum
1291 2930 1345 2992 per

331 3030 456 3087 cantum
484 3045 590 3107 agere,
615 3023 698 3087 velut
721 3020 771 3085 Ol.
795 3021 843 3085 IX
868 3025 905 3085 6:
930 3020 1020 3086 Nem.
1046 3021 1081 3085 ΙΙ
1105 3025 1147 3085 38
1172 3022 1343 3099 κωμάξατε.

378 3142 429 3205 17.
464 3164 523 3216 μιν.
558 3139 690 3204 Duobus
721 3138 819 3203 modis
846 3138 905 3202 hoe
932 3138 1076 3224 explicari
1099 3146 1218 3229 potest,
1244 3148 1280 3205 ut
1302 3142 1344 3206 sit

330 3258 501 3343 subjectum
532 3257 616 3322 verbi
645 3255 820 3338 ἀφίξεσθαι,
851 3255 878 3319 si
908 3256 1039 3320 refertur
1071 3264 1126 3320 aut
1156 3256 1195 3321 sd
1218 3258 1340 3343 ιιθσμιν,

328 3397 450 3440 samen
480 3374 519 3438 ad
550 3372 666 3438 Locros
696 3382 934 3459 perventurum,
963 3380 1017 3438 aut
1041 3374 1079 3437 ad
1103 3374 1339 3459 Agesidamum,

327 3493 358 3557 in
381 3494 513 3578 patriam
535 3491 717 3556 rediturum.
752 3490 794 3554 Et
816 3491 876 3555 hoe
899 3489 1024 3574 quidem
1048 3491 1148 3576 placet
1172 3492 1338 3559 Boeckhio.

327 3609 441 3674 Verum
466 3609 638 3694 subjeetum
662 3608 745 3672 verbi
767 3607 928 3692 ἀφίξεσθαι
947 3607 1081 3693 intelligi
1101 3609 1241 3673 existimo
1257 3610 1339 3695 ipsas

325 3728 451 3804 Musas,
476 3750 553 3812 quas
576 3728 713 3806 invocat,
738 3735 769 3792 et
790 3752 842 3807 μιν
864 3750 929 3791 esse
949 3726 1034 3792 verbi
1052 3726 1221 3812 objectum,
1242 3751 1339 3815 popu·

323 3844 388 3909 lum
411 3843 597 3923 Locrorum,
625 3847 675 3910 cui
694 3846 759 3931 jam
783 3844 890 3908 laudes
912 3844 1032 3909 debitas
1056 3844 1259 3929 adjuncturus
1280 3854 1336 3909 est.

370 3964 421 4026 17.
457 3964 500 4037 μὲν
522 3962 684 4043 φυγόξενον
706 3988 734 4028 κ.
758 3986 785 4026 r.
807 3976 836 4026 λ.
872 3951 919 4025 De
943 3958 1111 4025 Locrorum
1135 3961 1227 4025 laude
1247 3962 1337 4047 justi·

321 4078 400 4156 tiae,
432 4080 563 4157 artium,
593 4079 736 4156 militiae,
767 4078 890 4163 scripsit
912 4079 1005 4143 etiam
1029 4078 1125 4143 Poeta
1151 4077 1201 4142 Ol.
1226 4078 1257 4142 X
1283 4081 1334 4144 17.

320 4194 492 4260 Scholiasta
523 4204 610 4261 vetus
643 4196 682 4260 ad
708 4218 779 4260 eum
800 4196 902 4259 locum
927 4194 1035 4259 laudat
1058 4202 1178 4280 poetam
1201 4195 1333 4261 Locrum
1418 4178 1421 4183 ⁵

319 4312 557 4399 Epizephyrium
581 4313 801 4391 Xenocritum,
826 4320 858 4377 et
879 4312 1089 4389 harmoniam,
1114 4334 1192 4396 quae
1208 4312 1334 4379 Locriea

319 4431 473 4518 appellata
496 4433 544 4497 sit.
