3725 5542
952 739 1016 801 232

472 942 560 1005 didos
585 964 679 1023 equos
704 954 784 1003 terra
807 939 979 1023 occupavit.
1030 938 1108 1001 Nam
1133 950 1249 1023 septem
1273 941 1418 1027 deinceps
1441 966 1487 1005 ro·

471 1082 581 1144 gerum
604 1059 774 1123 consumtis
792 1057 921 1121 mortuis
937 1056 1133 1121 Talaionides
1148 1057 1187 1121 ad
1204 1058 1324 1122 Thebas
1343 1060 1404 1123 tale
1425 1082 1487 1123 ver·

472 1180 544 1241 bum
565 1176 678 1241 edidit:
700 1174 840 1240 desidero
856 1176 1007 1239 exercitus
1025 1174 1151 1240 oculum
1166 1178 1244 1254 mei,
1259 1186 1358 1242 vatem
1371 1179 1485 1243 bonum

393 1300 434 1360 30
472 1296 585 1382 [rariter
619 1302 650 1359 et
680 1296 791 1358 fortem
821 1293 909 1357 hasta
940 1293 1130 1358 bellatorem.
1183 1294 1277 1375 Quod
1305 1297 1397 1361 etiam
1422 1298 1486 1361 viro

471 1422 593 1500 praesto
625 1422 672 1477 est
699 1413 861 1498 Syracusio
885 1414 957 1477 festi
979 1420 1089 1477 cautus
1113 1413 1247 1477 domino.
1288 1414 1361 1479 Non
1381 1426 1487 1479 coutu-

475 1555 544 1597 max
569 1554 665 1617 quum
689 1532 747 1595 sim
770 1554 826 1596 nec
851 1554 923 1595 sane
947 1532 1040 1596 nimis
1065 1530 1238 1616 litigiosus,
1263 1532 1356 1597 etiam
1376 1556 1487 1619 magno

465 1650 668 1737 jurejurando
688 1652 791 1735 jurato
815 1651 873 1715 hoc
897 1651 925 1715 ei
948 1658 1052 1734 aperte
1076 1650 1230 1715 testabor:
1255 1662 1286 1715 et
1308 1652 1486 1717 dulcisonae

470 1770 579 1833 Musae
612 1768 813 1833 mandabunt.
860 1768 888 1831 Ο
918 1768 1059 1846 Plintis,
1084 1790 1189 1832 verum
1208 1770 1306 1855 junge
1325 1771 1387 1855 jam
1411 1769 1487 1835 mihi

392 1891 433 1951 40
469 1888 564 1953 robur
594 1887 765 1964 mularum,
797 1907 859 1972 qua
890 1887 970 1964 cito,
995 1894 1031 1950 ut
1054 1888 1086 1950 in
1110 1888 1161 1950 via
1182 1887 1283 1953 nitida
1304 1888 1337 1952 in
1361 1888 1487 1953 rhedam

468 2006 684 2084 escendemus,
710 2014 741 2070 et
760 2006 853 2069 etiam
873 2004 911 2069 ed
930 2004 1055 2069 illorum
1078 2014 1201 2090 gentem
1223 2007 1398 2071 veniamus:
1417 2007 1487 2071 illae

472 2127 554 2191 enim
585 2132 704 2211 praeter
734 2124 809 2188 elias
833 2146 899 2188 eam
923 2124 1003 2188 viam
1025 2134 1196 2189 monstrare
1218 2126 1317 2209 perite
1339 2134 1486 2211 possunt,

469 2244 720 2329 quandoquidem
759 2264 886 2307 coronas
922 2252 1106 2328 aeceperunt
1137 2242 1309 2327 Olympiae.
1355 2242 1488 2329 Oportet

471 2385 543 2447 ergo
576 2368 679 2447 portus
706 2361 890 2445 hymnorum
914 2361 1032 2446 aperire
1056 2359 1128 2425 illis.
1172 2361 1303 2426 Pitanen
1326 2361 1364 2425 ad
1391 2360 1489 2425 Eure

469 2491 517 2546 tao
546 2480 696 2545 fluentum
718 2478 811 2544 hodie
834 2479 959 2564 quidem
984 2481 1141 2563 pervenire
1165 2479 1253 2545 decet
1275 2480 1308 2545 in
1331 2488 1485 2566 tempore:

472 2622 552 2685 qnae
587 2597 712 2682 quidem
745 2606 907 2683 postquam
939 2620 1009 2661 cnm
1042 2597 1191 2682 Neptuno
1222 2597 1366 2662 Saturnio
1395 2599 1485 2676 coiit,

393 2722 434 2782 50
470 2719 632 2781 formosam
668 2715 782 2780 dicitnr
817 2716 911 2781 filiam
946 2716 1094 2781 Euadnen
1130 2718 1293 2802 peperisse.
1340 2716 1486 2781 Occulnit

445 2835 604 2900 ·dolorem
636 2835 807 2919 virgineum
839 2834 920 2899 sinu.
966 2834 1059 2897 Justo
1092 2857 1196 2898 mense
1227 2835 1312 2899 misit
1335 2835 1486 2912 famulos,
1562 2908 1566 2912 ,

440 2934 444 2941 ¹
467 2956 621 3041 jussitque
652 2953 802 3018 infantem
834 2953 906 3017 dare
937 2953 1023 3017 heroi
1054 2952 1184 3017 [latidae
1212 2954 1398 3018 curandam:
1431 2954 1486 3040 qni

472 3074 542 3137 viris
574 3072 746 3137 Arcadibus
777 3072 949 3157 imperabat
979 3080 1010 3135 et
1038 3071 1261 3136 habitationem
1290 3071 1404 3158 Alphei
1426 3094 1487 3135 sor·

471 3192 547 3254 titus
581 3198 655 3254 erat.
703 3189 753 3254 lbi
782 3190 928 3267 educata,
953 3189 1012 3254 snb
1038 3190 1183 3275 Apolline
1205 3191 1341 3274 primum
1366 3190 1487 3255 dulcem

471 3308 619 3373 Venerem
658 3308 768 3393 tetigit.
815 3308 882 3373 Nec
922 3308 1014 3373 latuit
1050 3312 1207 3393 Aepytnm
1241 3319 1390 3393 perpetuo
1414 3318 1488 3373 tem·

394 3432 435 3489 60
472 3450 542 3514 pore
577 3428 678 3492 celans
713 3427 763 3492 dei
800 3428 925 3513 prolem.
974 3431 1017 3491 At
1051 3427 1104 3492 illc
1139 3428 1330 3513 Pythonem,
1366 3439 1487 3513 pectore

472 3569 611 3632 premens
640 3548 716 3611 iram
745 3546 902 3611 infandam
925 3548 988 3611 acri
1011 3570 1101 3624 cura,
1125 3546 1202 3611 abiit
1225 3546 1425 3612 consulturus
1449 3544 1487 3610 de

473 3688 507 3728 ea
540 3688 601 3729 non
634 3664 793 3729 toleranda
825 3665 1008 3730 calamitate.
1056 3665 1115 3729 Illa
1150 3688 1222 3729 vero
1253 3666 1383 3750 punicea
1413 3687 1490 3729 aona

473 3783 613 3868 deposita
643 3794 672 3850 et
697 3806 776 3849 urna
799 3793 946 3869 argentea
967 3785 1025 3848 sub
1049 3784 1183 3849 dumetis
1207 3784 1347 3850 obscuris
1370 3785 1488 3870 peperit

473 3904 584 3967 mentis
617 3926 747 3988 puerum
778 3904 909 3968 divirrae.
953 3904 1074 3989 Virgini
1109 3904 1301 3969 adsteterunt
1336 3904 1490 3989 Apollinis

394 4026 432 4087 ll)
469 4045 560 4106 opera
590 4024 674 4087 mitis
705 4023 832 4108 ilithyia
861 4024 1045 4108 Parcaeque.
1096 4022 1177 4088 Exiit
1202 4047 1238 4087 ex
1263 4022 1431 4087 visceribus
1455 4032 1486 4087 et

473 4165 509 4205 ex
536 4142 659 4206 amabili
686 4150 775 4227 partu
798 4142 907 4206 Jamns
930 4142 963 4205 in
987 4142 1086 4206 lucem
1110 4144 1269 4206 contiuuo.
1317 4142 1412 4207 Hune
1435 4141 1489 4205 illa

473 4259 580 4325 dolens
604 4260 730 4346 reliquit
754 4260 858 4325 humi:
883 4261 947 4325 duo
970 4261 1101 4325 caerulei
1125 4269 1281 4347 serpentes
1301 4260 1390 4325 illum
1413 4258 1490 4323 Deo

477 4401 542 4443 rum
564 4379 724 4443 voluntale
744 4380 898 4445 nutrivere
915 4402 984 4443 eum
1004 4402 1077 4443 cura
1093 4379 1252 4463 inculpato
1270 4400 1363 4443 succo
1375 4380 1488 4463 apium.

398 4500 438 4559 80
475 4496 537 4560 Rex
556 4520 625 4562 vero
645 4508 805 4585 postquam
823 4520 932 4563 saxosa
945 4499 1101 4583 proiectus
1114 4498 1253 4581 Pythone
1263 4496 1370 4573 rediit,
1383 4520 1489 4563 omnes
