3725 5542
985 672 1029 731 94

502 893 532 932 re
555 868 593 946 ad
617 892 686 934 eum
711 878 870 954 provocat,
895 869 1062 934 Pindarum
1085 870 1189 934 diceus
1211 881 1243 935 et
1266 893 1332 948 eos,
1357 870 1410 954 qui
1432 891 1513 954 prae

501 999 583 1052 terea
601 989 696 1052 divini
722 987 831 1052 Poetae
847 991 974 1067 luerint,
991 991 1125 1053 animum
1140 990 1339 1074 appellavisse
1354 989 1511 1052 hominum

499 1107 717 1185 irumortalem,
742 1131 840 1192 neque
863 1131 934 1171 eum
958 1131 1093 1193 unquam
1109 1108 1209 1172 dicere
1225 1110 1363 1185 interire,
1380 1108 1510 1192 ideoque

500 1251 591 1314 quam
622 1229 812 1292 sanctissime
842 1236 982 1314 oportere
1005 1231 1099 1292 vitam
1123 1228 1286 1314 perducere
1309 1228 1347 1291 ad
1372 1229 1472 1291 finem.
1488 1228 1511 1308 Ι)

546 1347 661 1412 Verum
685 1370 746 1412 uon
771 1371 894 1432 possum
918 1349 990 1412 huic
1010 1349 1100 1412 tinem
1119 1350 1273 1434 imponere
1289 1347 1510 1423 dissertationi,

501 1468 577 1550 quin
611 1467 742 1530 admirer
775 1467 960 1532 Graecorum
993 1467 1113 1546 studia,
1148 1467 1302 1553 quomodo
1337 1467 1452 1532 luerint
1481 1475 1511 1528 et

501 1587 629 1650 manne
659 1588 757 1664 varia,
782 1595 938 1651 ettamen
961 1588 1006 1651 ita
1027 1588 1108 1650 iuter
1129 1610 1162 1649 se
1185 1586 1314 1664 similia,
1338 1595 1373 1648 ut
1396 1585 1434 1648 ad
1457 1607 1510 1668 op-

501 1705 575 1768 tima
606 1704 774 1769 tenderent.
820 1704 921 1786 Quam
953 1707 1096 1790 exiguum
1118 1728 1174 1769 nos
1197 1727 1280 1770 nunc
1303 1713 1418 1789 partem
1441 1703 1510 1766 atti·

499 1824 622 1907 gimus?
668 1823 708 1889 lle
738 1833 839 1889 tamen
872 1824 1041 1889 Homerum
1065 1825 1195 1888 vidimus
1218 1823 1389 1888 incredibili
1412 1822 1509 1885 suavi·

500 1951 563 2007 tate
584 1945 629 2007 ia
651 1951 819 2028 praestare,
842 1953 879 2006 ut
902 1951 932 2007 et
956 1951 1070 2007 metum
1094 1943 1229 2007 Deorum
1243 1952 1275 2006 et.
1290 1927 1508 2006 humanitatem

499 2061 739 2148 modestiamque
759 2061 997 2126 commendaret:
1019 2061 1240 2146 Xenophanem
1256 2063 1427 2145 vituperare
1442 2059 1508 2143 ejus

500 2179 657 2244 mendacia
686 2189 717 2243 et
744 2180 921 2264 religionem
945 2203 1040 2265 paene
1062 2180 1184 2257 tollere,
1208 2189 1363 2243 ettamen
1386 2178 1509 2242 Plutoni

500 2300 613 2384 praeire
637 2300 715 2362 riam
737 2299 888 2362 sentiendi
911 2321 947 2362 ea
968 2298 1007 2362 de
1029 2298 1150 2362 divinae
1173 2305 1299 2362 naturae
1321 2297 1508 2373 constantia,

501 2427 536 2480 ut
557 2418 690 2482 noluerit
713 2418 878 2504 quidquam
902 2419 962 2483 uisi
985 2418 1152 2503 perlectum
1167 2419 1200 2481 iu
1217 2440 1253 2480 ea
1268 2427 1378 2482 natura
1393 2417 1506 2480 inesse:

498 2536 705 2621 guomicorum
729 2537 857 2621 ingeniis
879 2545 996 2622 partun
1011 2537 1206 2622 sapientiam,
1223 2558 1301 2620 quae
1316 2558 1413 2620 quum
1427 2545 1508 2599 esset

497 2677 598 2720 rerum
628 2655 794 2720 multarum
824 2655 1011 2740 experientid
1039 2655 1252 2732 corroborata,
1281 2655 1347 2740 ipsa
1369 2653 1508 2748 redderet

497 2773 586 2838 rebus
617 2774 723 2838 multis
749 2775 946 2858 consiliisque
973 2796 1060 2838 usum
1084 2774 1265 2838 salutarem:
1290 2773 1390 2837 lucem
1413 2773 1509 2836 histo

498 2893 574 2969 riae,
599 2894 722 2978 petitam
747 2917 763 2956 e
785 2893 954 2958 multorum
976 2894 1168 2958 saeculorum
1189 2893 1351 2970 memoria,
1375 2893 1507 2956 excitare

498 3011 663 3074 sententies
695 3011 861 3096 ejusmodi,
893 3034 972 3097 quae
1003 3013 1095 3075 etiam
1122 3019 1227 3096 postea
1249 3010 1355 3074 multis
1377 3010 1507 3074 saeculis

499 3131 632 3214 prosint:
656 3130 838 3210 Pindarum,
862 3131 966 3195 divirm
989 3131 1129 3218 ingenio,
1153 3137 1406 3206 commonstrare,
1431 3128 1505 3213 quid

499 3247 652 3314 hominem
681 3249 803 3328 deceat,
832 3259 862 3314 et
884 3252 1129 3336 gravissimorum
1156 3272 1257 3315 rerum
1280 3250 1439 3313 ueritatem
1461 3271 1509 3312 ac·

497 3367 640 3432 uendere:
665 3367 824 3432 Platonem
847 3377 880 3433 et
898 3367 937 3433 de
952 3369 1019 3434 Deo
1033 3377 1065 3434 et
1079 3369 1118 3433 de
1133 3369 1255 3433 homine
1274 3368 1427 3453 praeclare
1441 3389 1510 3431 seu·

496 3485 565 3548 tire.
612 3485 702 3550 Staut
732 3487 951 3552 immortalium
981 3489 1112 3552 virorum
1144 3509 1218 3551 suae
1248 3487 1359 3571 cuique
1381 3485 1506 3548 laudes:

498 3613 588 3687 atque
612 3603 643 3668 in
666 3613 751 3668 tanta
773 3605 946 3670 studiorum
969 3607 1114 3669 varietate
1135 3613 1238 3669 manet
1261 3604 1385 3668 Pindari
1408 3625 1484 3667 vox:

704 3730 788 3790 τοῦτο
810 3725 870 3804 γὰρ
893 3724 1037 3790 ἀθάνατον
1058 3729 1175 3805 cassu
1196 3721 1289 3805 ἕρπει,

706 3841 734 3908 εἴ
752 3868 797 3916 rn-
821 3841 854 3910 ed
875 3841 942 3924 εἴπῃ
964 3865 1004 3908 τι·

493 3965 571 4027 eldad
591 3967 670 4026 enim
694 3969 845 4028 amm
868 3985 978 4026 aunone
997 3968 1108 4041 morit,
1123 3966 1156 4025 ci
1166 3968 1236 4044 φάε
1250 3964 1324 4044 qaid
1336 3963 1411 4025 tene
1425 3963 1507 4024 diat

530 4190 552 4250 l)
570 4191 653 4249 lam,
672 4192 711 4241 al.
730 4193 761 4242 B.
