3725 5542
968 718 1033 779 292

491 916 669 1003 bellumque
688 916 833 980 adversus
852 915 1025 979 Theronem
1042 916 1188 994 movisse,
1205 916 1259 981 sed
1275 917 1390 981 frustra
1404 918 1508 983 consti

490 1056 555 1098 esse
578 1036 644 1120 ejus
668 1043 802 1099 evertere
827 1035 1001 1121 imperium.

536 1153 646 1217 Postea
676 1152 820 1217 Himerae
847 1153 982 1237 praefuit
1003 1151 1154 1218 Theronis
1176 1153 1260 1217 filius
1282 1152 1505 1238 Thrusydseus.

490 1270 631 1335 Fortasse
654 1271 727 1335 huic
750 1270 829 1335 illud
853 1271 1016 1356 imperium
1037 1270 1139 1335 Thero
1162 1269 1250 1335 dedit
1268 1273 1419 1337 continuo
1437 1280 1507 1358 post

487 1388 649 1473 expulsum
676 1387 836 1453 Terillum.
883 1387 984 1473 quue
1012 1389 1105 1452 etism
1129 1389 1293 1453 verisimile
1317 1397 1405 1473 puto.
1448 1389 1507 1453 Pro

488 1514 570 1569 certo
593 1505 626 1569 id
649 1506 742 1571 hebet
765 1505 884 1569 Brunet
908 1505 947 1568 de
969 1505 1089 1584 Presle‚
1110 1507 1219 1590 ignoro
1237 1528 1300 1590 quo
1316 1507 1505 1572 testimonio.

533 1624 639 1710 Ipsum
673 1625 878 1708 Agrigentum
908 1630 980 1709 post
1007 1623 1160 1708 proelium
1183 1623 1363 1689 Himerense
1386 1626 1506 1709 egregie

487 1753 519 1805 ct
549 1742 672 1827 templis
702 1751 734 1804 et
763 1740 936 1805 cloacarum
966 1741 1112 1825 operibus
1139 1754 1264 1805 suctum
1289 1750 1354 1818 est,
1377 1744 1503 1826 ingente

486 1860 676 1945 captivorum
700 1881 828 1924 numero
852 1858 890 1923 sd
915 1882 951 1923 es
973 1858 1113 1924 faciendo
1136 1858 1285 1925 adhibito.

531 1979 627 2043 Hiero
658 1986 780 2055 sutem,
813 1985 939 2064 eccepto
969 1986 1041 2063 post
1072 1978 1201 2043 Gelonis
1225 1986 1355 2043 mortem
1378 1978 1506 2064 Syracu·

484 2120 588 2161 surum
611 2098 755 2183 imperio,
776 2119 872 2181 quum
892 2097 1017 2161 fratrem
1037 2096 1215 2181 Poly-uelum
1232 2096 1391 2161 florentem
1406 2098 1505 2182 gratio

484 2216 619 2293 videret,
643 2215 760 2280 invidis
783 2237 818 2278 sc
841 2216 951 2278 timore
974 2214 1087 2279 ductus
1111 2215 1200 2279 illum
1221 2214 1259 2279 de
1278 2215 1381 2280 medio
1396 2215 1504 2280 tollere

483 2333 616 2399 studuit.
664 2332 736 2413 Quo
767 2333 897 2397 consilio
928 2355 1001 2397 eum
1030 2332 1181 2418 Sybaritis
1207 2333 1292 2398 misit
1315 2334 1431 2398 auxilio
1452 2333 1504 2397 sd·

484 2474 589 2517 versus
613 2450 816 2516 Crotoniates.
865 2454 907 2515 At
930 2451 1004 2528 ille,
1028 2451 1136 2516 dolum
1159 2450 1354 2537 intelligens,
1378 2475 1441 2517 non
1464 2452 1502 2515 sd

483 2567 598 2633 beilum
629 2568 784 2653 profectus
816 2576 881 2645 est,
914 2590 1020 2632 verum
1043 2569 1126 2653 fugit
1148 2568 1187 2632 sd
1209 2568 1393 2633 Theronem.
1442 2569 1502 2634 Cui

483 2709 580 2771 quum
603 2686 699 2751 Hiero
723 2687 838 2751 bellum
862 2688 974 2752 inferre
997 2698 1133 2773 peraret,
1157 2687 1284 2764 occidit,
1309 2694 1347 2751 ut
1368 2686 1407 2751 sd
1431 2709 1501 2751 eum

483 2806 622 2869 venirent
652 2804 882 2870 Himerensium
913 2805 1024 2890 legati,
1056 2804 1286 2890 Thrusydseum
1316 2827 1379 2869 nou
1407 2805 1503 2870 feren·

481 2922 579 2999 tium,
612 2932 643 2986 et
672 2923 711 2989 ub
743 2923 879 2989 Hierone
907 2923 1059 2987 auxilium
1083 2924 1265 3009 petentium.
1312 2922 1428 2987 Verum
1451 2921 1502 2986 hic

482 3062 552 3104 cum
583 3039 723 3105 Therone
758 3064 860 3126 pacem
889 3041 989 3105 fucere
1011 3040 1124 3105 moluit
1145 3049 1176 3106 et
1200 3041 1229 3105 ei
1252 3041 1374 3126 speruit
1396 3039 1503 3105 Hime-

482 3160 618 3223 rensium
641 3159 779 3223 consilis.
813 3157 888 3239 Quo
911 3160 993 3223 fecto
1015 3159 1117 3224 Thero
1140 3180 1212 3223 cum
1236 3158 1374 3223 Hierone
1390 3159 1501 3244 etipse

482 3275 513 3338 in
537 3276 669 3359 gretiam
692 3276 802 3354 rediit,
827 3285 858 3341 et
881 3278 962 3341 inter
985 3300 1056 3342 eum
1080 3286 1111 3341 et
1133 3276 1312 3362 Polyzelum
1335 3276 1498 3341 amicitiam

480 3394 666 3459 conciliavit.
714 3394 807 3459 Tacts
836 3402 911 3460 sunt
941 3395 1016 3460 hsec
1038 3395 1090 3459 Ol.
1115 3394 1255 3460 LXXVI
1277 3418 1359 3459 anuo
1381 3395 1500 3479 primo,

479 3511 650 3576 secundum
681 3513 852 3577 Diodorum
874 3513 1033 3593 Siculum,
1056 3513 1095 3579 L.
1119 3514 1168 3578 XI
1190 3516 1245 3578 48.
1291 3512 1444 3597 Didymus
1466 3514 1499 3577 iu

479 3629 597 3693 scholio
618 3638 718 3695 vetere
741 3630 781 3694 sd
805 3654 838 3695 vs
862 3634 904 3696 29
929 3632 1036 3698 eudem
1058 3632 1120 3697 fere
1144 3654 1331 3709 memorans,
1354 3630 1499 3695 Demers-

478 3754 558 3825 tum‚
590 3747 683 3812 filium
716 3748 886 3828 Theronis,
913 3750 1027 3815 Geloni
1050 3744 1181 3835 nupts‘m
1205 3749 1298 3813 inisse
1320 3757 1443 3827 narrat,
1468 3760 1499 3814 et
1609 3798 1625 3823 .

478 3872 549 3949 post
589 3874 716 3931 monem
757 3867 844 3931 illius
877 3866 1034 3951 Polyzelo.
1090 3866 1130 3931 In
1164 3865 1357 3931 conciliando
1393 3873 1497 3931 sutem
1565 3932 1570 3941 ,

476 3980 627 4046 Theronis
663 3993 694 4047 et
730 3984 876 4050 Hieronis
910 3985 1010 4070 gratis
1044 3984 1155 4049 fumum
1188 3985 1282 4049 fuisse
1312 4004 1422 4069 operae
1451 3983 1497 4047 Si·

476 4100 620 4166 monidis.

521 4217 678 4305 Scriptum
709 4244 775 4285 esse
805 4221 864 4286 hoc
895 4245 1018 4288 csrmen
1048 4245 1065 4287 s
1096 4221 1232 4287 Pindaro
1258 4243 1323 4285 non
1345 4222 1496 4287 continuo

475 4342 546 4421 post
572 4336 730 4402 victoriam
754 4338 808 4403 scd
832 4339 938 4425 aliquo
960 4340 1123 4405 intervallo
1147 4339 1346 4423 interposito,
1371 4338 1497 4403 demon-

475 4453 640 4519 strabimus
671 4456 703 4519 in
736 4459 928 4523 enarr-stione
958 4459 1100 4523 carminis
1124 4455 1262 4542 Olympii
1285 4457 1387 4521 tertii:
1411 4455 1494 4541 qnod
