3725 5542
1297 764 1345 805 vir
1405 748 1409 755 '

331 946 556 1020 dulcissimam,
588 942 712 1007 nomine
746 948 777 1005 et
806 941 910 1005 omine
940 940 1148 1018 Theodoram,
1180 942 1346 1023 καλλιπάρ-

331 1101 385 1158 ῃον.
431 1075 574 1140 Placebat
612 1072 669 1137 tibi
704 1072 788 1157 lepos
821 1072 994 1155 virgineus,
1026 1079 1057 1135 et
1080 1079 1269 1156 quantopere
1291 1072 1346 1136 illa

331 1232 379 1273 me
412 1214 545 1284 amaret,
580 1178 792 1291 perspiciebas.
839 1203 1012 1269 Videbatur
1044 1204 1129 1268 illins
1159 1226 1243 1268 amor
1265 1204 1343 1269 mihi

331 1326 429 1389 multa
451 1346 594 1409 perpesso
616 1321 782 1387 senectutis
806 1322 869 1385 fore
892 1320 1047 1384 solatium.
1093 1320 1170 1399 Illa,
1195 1329 1265 1407 post
1281 1344 1345 1385 ves-

332 1462 413 1517 trum
444 1452 570 1515 domum
600 1451 735 1516 reditum
765 1450 882 1534 optimo
905 1457 1007 1534 nupta
1030 1450 1159 1526 marito,
1184 1451 1266 1514 intra
1289 1458 1347 1515 ter·
1402 1498 1407 1503 .

332 1584 410 1647 tium
432 1590 501 1667 post
523 1582 648 1667 nuptias
672 1603 807 1645 mensem
831 1580 946 1645 efflavit
962 1582 1104 1645 animam.
1128 1580 1229 1661 Quem
1244 1604 1346 1646 meum

332 1736 531 1799 meorumque
566 1735 670 1777 casum
704 1712 824 1776 fortiter
858 1712 934 1777 ferre
968 1713 1119 1789 conabor,
1151 1700 1346 1793 existimans,

333 1868 395 1909 non
425 1844 631 1929 longinquum
662 1844 814 1908 interme
837 1850 867 1909 et
890 1844 976 1908 illam
999 1844 1168 1909 discessum
1191 1845 1273 1910 fore:
1297 1846 1345 1910 illi

335 1984 456 2053 autem,
490 1975 528 2038 ed
560 1997 631 2039 suos
663 1982 803 2059 parentes
837 1974 990 2059 profectae
1014 1983 1046 2039 et
1068 1998 1117 2041 me
1140 1978 1347 2061 exspectanti,

333 2106 412 2170 nihil
435 2108 468 2169 in
491 2112 588 2169 morte
612 2129 630 2169 a
652 2106 720 2169 Deo
743 2106 816 2170 mali
839 2106 1004 2183 accidisse,
1021 2128 1126 2170 verum
1143 2104 1245 2171 datam
1263 2130 1347 2186 esse,

338 2246 374 2300 ut
396 2236 557 2300 Pindarice
579 2236 707 2320 loquar,

577 2366 644 2445 βίον
667 2368 809 2433 τελευτὰν
833 2368 972 2433 διόσδοτον
994 2369 1103 2449 ἀρχάν.

379 2496 446 2573 Tu,
476 2480 522 2561 vir
552 2498 685 2582 optime,
720 2520 798 2582 quae
829 2505 894 2561 erat
910 2498 1119 2562 necessitudo
1150 2500 1230 2563 iuter
1260 2506 1292 2562 te
1319 2507 1350 2563 et

334 2650 400 2705 me,
425 2650 491 2692 eam
522 2630 613 2693 etism
645 2628 682 2692 sd
713 2628 825 2693 liberos
857 2631 1009 2713 pertinere
1040 2637 1111 2694 tuos
1142 2631 1282 2695 voluisti:
1317 2639 1349 2695 et

336 2759 368 2822 in
401 2758 552 2842 baptismo
584 2758 749 2822 Gottholdi
780 2751 952 2831 tui'menm
985 2782 1096 2824 nomen
1125 2760 1277 2843 iidemque
1299 2762 1351 2825 ad·

336 2890 484 2955 hibuisti:
509 2912 587 2974 quae
610 2890 685 2954 mihi
711 2898 756 2955 est
778 2912 863 2954 more
884 2899 984 2954 vestro
1001 2913 1110 2975 magns
1126 2891 1260 2955 caritatis
1276 2890 1351 2956 obli·

336 3022 428 3106 gatio.
475 3020 518 3085 Et
548 3020 645 3085 ssltns
677 3022 839 3105 sylvaeque
873 3020 1061 3107 Thuringiae
1093 3029 1211 3087 vestrae
1243 3022 1351 3087 merito

338 3152 460 3238 placent
495 3152 616 3215 cunctis
648 3151 803 3237 mihique:
839 3160 871 3215 at
905 3175 962 3237 ego
996 3174 1050 3216 vos
1084 3153 1166 3239 ipsos
1189 3173 1350 3235 moresque

337 3290 453 3346 vestros
485 3282 582 3367 magis
617 3303 695 3345 emo.
723 3281 793 3346 Jam
817 3290 852 3345 tn
878 3304 947 3360 eos,
972 3284 1026 3366 qni
1048 3284 1125 3347 mihi
1147 3289 1221 3346 sunt
1243 3281 1353 3346 libero·

337 3436 406 3477 rum
428 3435 572 3491 numero,
597 3418 629 3477 et
652 3414 821 3497 cognovisti
845 3421 875 3477 et
898 3378 1012 3498 diligis.

381 3544 450 3610 Tibi
480 3544 604 3628 tuisque
636 3544 816 3628 contingant
846 3566 1001 3629 prospera.
1048 3544 1091 3609 Et
1113 3545 1197 3630 quod
1221 3567 1297 3630 opus
1321 3545 1352 3609 in

337 3676 478 3741 manibus
501 3676 613 3753 habes,
636 3676 669 3739 id
693 3676 803 3761 perfice
827 3675 968 3740 feliciter.
992 3675 1080 3740 Vale.

381 3806 497 3891 Scripsi
526 3805 658 3890 'l'rajecti
690 3806 727 3869 ad
758 3806 921 3883 Rhenum,
946 3830 974 3869 a.
999 3806 1029 3870 d.
1054 3805 1102 3869 IV
1124 3808 1237 3870 mensis
1258 3806 1354 3884 Julii,

339 3938 376 4000 A.
402 3934 645 3999 MDCGOLXV.
