3725 5542
820 763 881 829 871

349 988 417 1031 cum
441 965 501 1029 hoe
524 964 713 1050 copulentur.
759 964 875 1028 Temen
900 964 986 1037 ὄλβον
1009 971 1103 1055 νουνρυ
1128 963 1206 1026 vitae
1226 970 1354 1039 sortem,

350 1084 576 1161 valetudinem,
609 1084 736 1163 liberos,
770 1084 914 1169 patriam,
940 1081 1099 1168 complecti
1123 1081 1227 1146 credo:
1253 1088 1284 1144 et
1306 1080 1357 1143 ad-

351 1204 417 1268 dito
449 1202 598 1289 adjectivo
629 1204 751 1280 ὑγίεντα
781 1203 944 1288 significari
967 1223 1071 1266 sanam
1094 1199 1287 1276 felicitatem,
1311 1222 1357 1263 ca-

351 1323 488 1387 lamitate
520 1328 687 1400 carentem,
721 1322 797 1387 bene
827 1322 976 1386 firmatam
1007 1328 1037 1385 et
1067 1320 1154 1406 quasi
1184 1321 1296 1384 virtute
1327 1328 1357 1384 et

352 1441 503 1527 probitate
539 1448 674 1527 paratam
709 1449 800 1528 atque
830 1440 998 1506 drudatam.
1046 1439 1139 1504 Haud
1170 1439 1358 1503 dissimiliter

354 1559 504 1624 Horatius
525 1557 562 1625 L.
586 1559 603 1623 I
626 1558 683 1645 Ep.
708 1558 754 1622 IV
781 1561 820 1623 lt

950 1674 1009 1741 Oui

465 1796 588 1873 Gratia,
613 1797 710 1875 fama,
736 1794 878 1859 valetudo
902 1795 1060 1880 contingat
1083 1794 1203 1859 abunde

466 1913 663 1978 otmundus
686 1914 804 1992 vietus,
828 1936 890 1977 non
913 1913 1072 1977 deficiente
1095 1934 1248 1978 crumena.

354 2031 452 2098 Paulo
483 2031 571 2096 aliter
597 2030 719 2096 Soolion
742 2031 823 2117 apud
847 2030 1007 2095 Platonem
1032 2038 1079 2095 est
1101 2032 1132 2095 in
1158 2019 1272 2116 Gorgia
1295 2035 1355 2095 451

356 2152 399 2216 Il:
430 2149 472 2217 dm
504 2152 640 2230 ὑγιαίνειν
670 2152 723 2228 μὲν
753 2152 867 2231 ἄριστόν
898 2153 978 2226 ἐστι,
1009 2151 1043 2216 τὸ
1070 2150 1099 2216 δὲ
1121 2151 1246 2233 δεύτερον
1268 2152 1358 2216 καλὸν

357 2270 508 2349 γενέσθαι,
531 2271 624 2349 τρίτιν
647 2270 676 2334 δὲ
698 2272 731 2335 τὸ
755 2276 891 2334 πλουτεῖν
914 2269 1034 2341 eliditor.

403 2392 454 2453 55.
486 2388 572 2469 ἄρδει.
603 2388 763 2473 Exquisite
786 2388 915 2466 dieitur,
938 2410 999 2452 uon
1017 2388 1054 2453 de
1069 2387 1209 2454 habenda
1224 2397 1360 2467 tantum,

359 2508 411 2572 sed
442 2508 480 2572 dc
510 2505 696 2572 moderanda
726 2514 756 2570 et
778 2505 943 2571 nutrienda
966 2505 1121 2571 felicitate.
1168 2506 1363 2592 significatur

358 2626 384 2689 is
415 2632 531 2702 status,
562 2646 624 2708 quo
655 2624 764 2709 aliquis
790 2645 858 2688 vero
882 2624 961 2687 vitae
983 2623 1085 2687 fructu
1109 2625 1153 2688 ita
1174 2625 1305 2709 gaudeat
1327 2636 1364 2691 ut

359 2742 490 2845 quadam
513 2765 568 2807 sua
590 2743 687 2827 ipsius
711 2750 813 2828 parte,
845 2750 942 2825 utque
966 2764 1030 2805 eam
1055 2742 1116 2805 alat
1140 2744 1278 2827 quotidie
1299 2757 1363 2809 no'n

359 2864 461 2927 miuus
485 2884 576 2947 quam
600 2882 709 2946 corpus
732 2862 797 2946 ipse
821 2883 920 2925 suum.
952 2860 1066 2938 ”aaran
1089 2861 1250 2947 erigendi
1273 2862 1364 2948 signi·

358 2982 499 3047 ficatioue
523 2981 614 3045 etiam
638 2980 793 3045 nutriendi
807 2988 837 3044 et
853 2979 977 3045 fovendi
992 2980 1244 3065 significationem
1261 2982 1362 3073 habet.

361 3098 453 3183 Apud
477 3097 636 3162 Platonem
660 3099 692 3162 in
719 3098 873 3176 Phaedro,
899 3100 962 3162 251
981 3120 1082 3183 seqq,
1100 3101 1221 3185 saepius
1234 3100 1291 3164 hoc
1303 3124 1366 3166 ver·
1468 3154 1473 3165 .

361 3215 434 3280 bum
459 3216 597 3299 ponitur,
621 3223 657 3279 ut
680 3216 869 3300 significetur
892 3216 923 3280 in
948 3238 1000 3295 eo,
1020 3218 1074 3301 qui
1089 3239 1190 3281 amore
1210 3228 1366 3304 correptus

361 3334 419 3411 sit,
436 3333 552 3397 alarum
568 3334 675 3411 animi,
697 3356 774 3418 quae
793 3334 893 3400 adhuc
904 3342 1100 3420 torpuerant,
1113 3337 1311 3421 germinatio,
1325 3338 1368 3402 lo·

361 3459 516 3531 mentum,
548 3452 693 3517 nutritio:
729 3455 790 3517 251
816 3453 860 3517 B:
892 3452 1047 3531 δεξάμενος
1078 3462 1129 3520 τοῦ
1159 3456 1285 3527 κάλλους
1315 3458 1367 3532 τὴν

360 3572 495 3653 ιὶνιυρῥθῗνν
519 3571 565 3636 tat
588 3578 642 3635 τῶν
666 3572 807 3651 ὀμμάτων
830 3572 1002 3655 ἐθερμάνθη,
1031 3572 1049 3655 ᾖ
1072 3577 1088 3649 ἦ
1110 3580 1161 3640 τοῦ
1186 3581 1299 3661 πτεροῦ,
1312 3577 1369 3657 Φύ·

273 3728 277 3737 ·
361 3714 404 3761 τις
428 3688 555 3771 ἄρδεται.
582 3692 644 3752 255
669 3688 695 3753 O
716 3691 750 3754 τὸ
772 3697 823 3755 τοῦ
846 3690 973 3762 κιὶλλυυς
995 3694 1089 3771 ρἐῡριυι
1110 3693 1165 3765 τὰς
1189 3694 1290 3766 dictove
1313 3702 1369 3759 τῶν

362 3814 470 3886 πτερῶν
501 3806 577 3886 ἄρδει
607 3832 641 3872 τε
671 3808 722 3872 καὶ
751 3808 864 3887 ὥρμησε
890 3817 1071 3891 ττερυφνεῖν.
1117 3810 1164 3875 De
1188 3810 1262 3898 Rep.
1286 3812 1369 3877 VIII

365 3926 427 3988 555
460 3925 486 3989 Β
518 3935 603 4011 pater
633 3926 731 3991 bonus
754 3926 868 3992 dicitur
890 3928 923 3992 rt
946 3930 1109 4005 λογιστικὸν
1130 3934 1159 3995 ἐν
1180 3942 1217 4012 τῇ
1240 3939 1290 3997 τοῦ
1310 3935 1368 3998 υἱοῦ

363 4049 450 4125 ψυχῇ
481 4042 572 4124 ἄρδειν
598 4068 632 4109 τε
655 4046 703 4109 κυνὶ
731 4044 837 4121 ιιῦξειν.
885 4046 978 4131 Apud
1007 4056 1145 4113 nostrum
1173 4048 1227 4135 Py.
1251 4048 1281 4110 V
1306 4052 1368 4114 146

672 4162 809 4242 κρέτσυνιι
832 4163 885 4241 μὲν
910 4165 1028 4237 ἁλικίας

673 4281 733 4347 ador
754 4282 908 4364 Φέρβετιιι.

410 4400 461 4462 56.
501 4402 667 4479 προστιθεὶς.
708 4399 968 4486 Quandoquidem
1006 4403 1038 4467 iu
1074 4403 1165 4469 verbo
1198 4403 1274 4485 ἄρδει
1308 4426 1369 4469 non
1456 4392 1470 4417 ⁶

364 4523 485 4581 tautum
516 4520 682 4603 possessio,
714 4519 766 4585 sed
791 4520 940 4606 quaedam
962 4521 1041 4587 aetio
1064 4522 1236 4587 sustinendi
1258 4522 1372 4588 iudiea-

1193 4640 1250 4700 24·
