3725 5542
992 663 1057 726 48⁰

519 863 589 929 looo
621 861 724 940 λύτρον
757 860 796 925 de
829 859 1025 946 Tlepolemo,
1057 861 1146 946 ponit
1177 861 1209 925 in
1241 862 1396 928 leudsndo
1427 865 1540 930 eximio

519 980 654 1068 praemio
675 979 832 1056 lshorum,
853 979 938 1064 quod
954 979 995 1042 sit
1010 978 1162 1044 tributum
1178 979 1326 1059 Herculi,
1343 981 1423 1046 Nem
1439 981 1457 1046 Ι
1476 985 1537 1048 107

623 1099 769 1174 καμάτων
789 1099 934 1174 μεγάλων
953 1097 1054 1162 τοινοὶν
1076 1097 1206 1178 λοχύνι)
1229 1097 1372 1178 ἐξαίρετον
1393 1137 1439 1150 -

624 1214 749 1292 ύιιλεριὶν
768 1211 872 1290 'hillae
893 1212 1011 1278 ἄκοιτιν.

563 1329 722 1394 Praeclare
744 1337 867 1408 antem,
892 1330 985 1393 etiam
1007 1330 1076 1415 ipso
1091 1329 1198 1394 ordine
1214 1331 1393 1410 rethom,
1410 1333 1490 1398 iuter
1504 1355 1538 1398 se

518 1447 661 1532 opposite
681 1455 756 1510 sunt
776 1448 880 1526 λύτρον
901 1455 933 1510 et
954 1451 1127 1528 συμφορᾶς,
1151 1455 1182 1511 et
1204 1448 1319 1527 ούιιτριὶς
1341 1457 1373 1513 et
1395 1449 1504 1526 γλυκύ.

490 1579 494 1586 ·
563 1563 760 1649 Tlepolemus
783 1565 816 1628 in
842 1564 925 1629 bello
948 1563 1081 1650 'Ihcjeno
1104 1587 1124 1628 a
1145 1563 1321 1650 Sarpedone
1340 1567 1459 1631 occisus
1475 1577 1536 1645 est,

518 1690 551 1744 et
571 1702 685 1766 eorpus
708 1682 775 1766 ejus
798 1701 836 1744 ex
858 1681 977 1764 proelio
992 1679 1180 1760 abductum,
1198 1691 1233 1746 ut
1248 1691 1351 1747 namet
1366 1683 1535 1762 Homerus,

518 1798 557 1861 Il.
583 1797 611 1860 V
635 1800 718 1875 659,
743 1799 819 1861 668.
855 1797 933 1883 Ejus
957 1819 1030 1864 osse
1053 1799 1084 1864 in
1102 1800 1233 1883 patriam
1248 1799 1393 1865 Rhodum
1409 1800 1537 1866 redacta

516 1917 612 1981 luisse
633 1916 729 1981 tradit
751 1915 918 1980 scholiasta
941 1918 1102 1981 recentior.

562 2034 651 2114 Quae
685 2041 789 2098 autem
823 2043 870 2097 est
901 2033 975 2097 haec
1008 2034 1092 2119 apud
1125 2034 1296 2098 Pindarum
1326 2035 1534 2120 compensatio

518 2152 592 2216 data
613 2151 817 2236 Tlepolemo?
839 2152 867 2215 ai
889 2152 959 2235 ipsa
983 2151 1076 2216 verba
1098 2157 1290 2236 spectamus,
1313 2151 1393 2216 nihil
1415 2151 1454 2215 de
1468 2153 1534 2238 ejus

519 2268 638 2352 reliqua
660 2267 765 2332 Rhodi
786 2277 911 2353 peracta
932 2269 996 2331 rita
1018 2277 1224 2346 memoratur,
1249 2289 1305 2332 nec
1325 2275 1407 2333 reete
1423 2271 1454 2333 in
1471 2289 1533 2332 uuo

521 2386 638 2451 scholio
669 2393 771 2450 vetere
800 2396 849 2451 est
877 2389 1007 2464 λυιτὶριον
1039 2395 1093 2460 τῆς
1115 2390 1271 2466 συμφορᾶς
1293 2389 1347 2461 τὴν
1368 2387 1534 2466 sarcinula

520 2513 594 2585 paor
616 2505 666 2568 κού
690 2507 743 2577 τὴν
766 2505 865 2569 ιιύτύύι
888 2509 942 2567 τοῦ
964 2503 1030 2580 βίον
1055 2503 1213 2582 διατριβύν.
1258 2502 1369 2588 Neque
1392 2507 1475 2570 enim
1490 2506 1533 2568 ita

519 2622 583 2686 (liei
613 2624 749 2708 potuen't
778 2625 880 2701 λύτρον
909 2618 1031 2686 ἵσταται
1060 2619 1154 2702 ύοτερ
1179 2624 1241 2702 θεῷ.
1288 2621 1377 2686 Nihil
1400 2645 1418 2686 a
1441 2621 1535 2686 Poeta

518 2743 552 2804 in
581 2762 619 2804 ea
649 2763 683 2804 re
713 2748 901 2804 memoratur
932 2747 1054 2823 praeter
1084 2739 1216 2804 honores
1244 2739 1377 2804 tributos
1401 2749 1533 2805 mortuo.

520 2857 582 2921 Sed
611 2867 694 2920 certe
723 2855 745 2918 ii
778 2876 841 2919 non
870 2855 980 2920 tributi
1004 2856 1154 2934 luissent,
1178 2856 1238 2920 nisi
1263 2857 1350 2920 virus
1374 2855 1535 2922 condenda

519 2975 643 3039 civitate
654 2973 858 3038 inclaruisset
883 2975 988 3057 Atque
1000 2972 1114 3037 eslans
1126 2994 1160 3036 va
1174 2974 1286 3059 htjam
1297 2983 1465 3038 monorata
1476 2981 1532 3050 est,

520 3100 553 3156 et
575 3091 634 3156 hoc
656 3091 724 3156 loco
747 3091 898 3176 repetitur
920 3089 1078 3154 vocabulis
1101 3091 1252 3168 Τιρυνθίων
1270 3091 1444 3172 ἀρχαγέτᾳ.
1479 3089 1535 3154 lla-

520 3208 579 3272 cile
609 3209 706 3294 igitur
735 3217 799 3285 est,
823 3208 914 3291 quasi
937 3227 975 3270 ex
998 3208 1221 3293 posterioribus
1244 3209 1344 3293 iisque
1366 3206 1534 3292 majoribus

519 3325 682 3403 nudibus,
710 3327 826 3410 quippe
847 3324 979 3404 ilicinis,
1002 3325 1110 3389 laudes
1132 3327 1214 3390 vitae
1237 3345 1363 3410 magnes
1382 3325 1479 3389 luisse
1490 3326 1535 3388 iu-

519 3443 675 3529 telligere:
699 3441 754 3507 sed
777 3443 805 3506 si
827 3444 1025 3526 grammatice
1049 3441 1152 3506 locum
1178 3442 1383 3527 explicamus,
1404 3442 1535 3507 silentur

520 3563 589 3626 hae.
624 3559 692 3625 Nec
714 3583 749 3624 vs
775 3563 838 3624 145
862 3561 1040 3646 conjunctio
1062 3587 1097 3626 τε
1121 3561 1267 3625 sacrificis
1286 3561 1413 3645 copulat
1427 3579 1459 3625 er
1474 3583 1536 3624 cer-

522 3679 638 3744 tamine
660 3700 731 3742 cum
753 3679 1018 3764 compensatione,
1043 3699 1121 3764 quse
1143 3699 1178 3741 rs
1204 3681 1266 3743 141
1281 3687 1485 3743 memoratur:
1500 3701 1536 3742 ea

522 3798 590 3879 ipsa
618 3796 825 3880 compensatio
857 3796 919 3860 ruit
949 3797 1166 3860 sacrificiorum
1196 3804 1228 3859 ct
1256 3797 1477 3860 conaminuru:
1499 3817 1535 3860 τε

523 3913 722 3999 conjungitur
748 3934 819 3976 eum
842 3913 908 3989 ιιιύ,
931 3921 963 3976 et
986 3912 1035 3977 his
1058 3913 1328 3999 conjunctionibus
1351 3913 1536 3998 copulantur

522 4032 603 4095 iuter
633 4053 666 4094 se
687 4030 792 4106 μύλων
815 4032 925 4106 τομτιὶ
949 4035 980 4093 et
1003 4031 1100 4108 κρίσις.
1145 4032 1260 4106 floenel
1282 4030 1314 4094 h.
1338 4031 1359 4094 l.
1383 4030 1464 4095 idom
1487 4039 1534 4092 ‹sr

524 4171 560 4212 ao
581 4149 681 4224 ύιιτὶιι,
704 4169 759 4232 per
780 4146 1010 4231 synecdochen,
1034 4157 1069 4212 ut
1092 4147 1180 4212 facile
1203 4148 1398 4233 intelligitur.

568 4265 688 4330 Similia
709 4275 784 4328 sunt
806 4265 868 4328 elia
889 4265 1045 4350 exempla,
1070 4266 1156 4330 velut
1178 4263 1313 4330 Miltiadi
1330 4275 1452 4331 mortuo
1469 4278 1538 4344 Χερ-

522 4390 671 4457 σονησῖται
702 4382 814 4463 ύύουτι,
844 4383 882 4454 ὥς
903 4381 989 4459 νύμος
1011 4383 1138 4464 olxlrrp,
1161 4384 1212 4448 ιιωὶ
1234 4385 1339 4461 Eritne
1362 4385 1480 4450 ἱπιιιύν
1500 4375 1536 4448 τε
