<?xml version="1.0" encoding="UTF-8"?>
<!DOCTYPE html PUBLIC "-//W3C//DTD XHTML 1.0 Transitional//EN"
    "http://www.w3.org/TR/xhtml1/DTD/xhtml1-transitional.dtd">
<html xmlns="http://www.w3.org/1999/xhtml" xml:lang="en" lang="en">
 <head>
  <title>
</title>
<meta http-equiv="Content-Type" content="text/html;charset=utf-8" />
  <meta name='ocr-system' content='tesseract 3.04.00' />
  <meta name='ocr-capabilities' content='ocr_page ocr_carea ocr_par ocr_line ocrx_word'/>
</head>
<body>
  <div class='ocr_page' id='page_1' title='image "./pindaricarminao01pindgoog_0293.png"; bbox 0 0 3725 5542; ppageno 0'>
   <div class='ocr_carea' id='block_1_1' title="bbox 858 638 921 699">
    <p class='ocr_par' dir='ltr' id='par_1_1' title="bbox 858 638 921 699">
     <span class='ocr_line' id='line_1_1' title="bbox 858 638 921 699; baseline 0 -1"><span class='ocrx_word' id='word_1_1' title='bbox 858 638 921 699; x_wconf 75' lang='lat'>279</span> 
     </span>
    </p>
   </div>
   <div class='ocr_carea' id='block_1_2' title="bbox 381 836 1401 4345">
    <p class='ocr_par' dir='ltr' id='par_1_2' title="bbox 382 836 1397 1038">
     <span class='ocr_line' id='line_1_2' title="bbox 431 836 1397 923; baseline -0.003 -22"><span class='ocrx_word' id='word_1_2' title='bbox 431 841 503 903; x_wconf 87' lang='grc'><strong>131.</strong></span> <span class='ocrx_word' id='word_1_3' title='bbox 536 839 640 903; x_wconf 77' lang='grc' dir='ltr'><em>άανεῖν.</em></span> <span class='ocrx_word' id='word_1_4' title='bbox 677 836 790 899; x_wconf 76' lang='lat' dir='ltr'>Eadem</span> <span class='ocrx_word' id='word_1_5' title='bbox 816 838 940 921; x_wconf 79' lang='lat' dir='ltr'>saepius</span> <span class='ocrx_word' id='word_1_6' title='bbox 960 838 1115 902; x_wconf 87' lang='lat' dir='ltr'>sententia</span> <span class='ocrx_word' id='word_1_7' title='bbox 1134 861 1189 923; x_wconf 89' lang='lat' dir='ltr'>pro</span> <span class='ocrx_word' id='word_1_8' title='bbox 1205 837 1397 902; x_wconf 83' lang='lat' dir='ltr'>fortitudinia</span> 
     </span>
     <span class='ocr_line' id='line_1_3' title="bbox 382 954 1319 1038; baseline -0.004 -20"><span class='ocrx_word' id='word_1_9' title='bbox 382 957 580 1019; x_wconf 88' lang='lat' dir='ltr'>incitamento</span> <span class='ocrx_word' id='word_1_10' title='bbox 606 955 682 1019; x_wconf 85' lang='lat' dir='ltr'>fuit:</span> <span class='ocrx_word' id='word_1_11' title='bbox 710 954 794 1017; x_wconf 84' lang='lat' dir='ltr'>velut</span> <span class='ocrx_word' id='word_1_12' title='bbox 818 954 899 1038; x_wconf 90' lang='lat' dir='ltr'>apud</span> <span class='ocrx_word' id='word_1_13' title='bbox 923 955 1095 1021; x_wconf 84' lang='lat' dir='ltr'>Homerum</span> <span class='ocrx_word' id='word_1_14' title='bbox 1120 955 1157 1019; x_wconf 94' lang='lat' dir='ltr'>Il.</span> <span class='ocrx_word' id='word_1_15' title='bbox 1183 954 1229 1018; x_wconf 91' lang='lat' dir='ltr'>VI</span> <span class='ocrx_word' id='word_1_16' title='bbox 1253 959 1319 1017; x_wconf 74' lang='grc'>438</span> 
     </span>
    </p>

    <p class='ocr_par' dir='ltr' id='par_1_3' title="bbox 448 1072 1330 1155">
     <span class='ocr_line' id='line_1_4' title="bbox 448 1072 1330 1155; baseline 0 -18"><span class='ocrx_word' id='word_1_17' title='bbox 448 1080 549 1154; x_wconf 82' lang='grc' dir='ltr'><em>μοῖραν</em></span> <span class='ocrx_word' id='word_1_18' title='bbox 572 1072 597 1137; x_wconf 78' lang='grc' dir='ltr'>δ’</span> <span class='ocrx_word' id='word_1_19' title='bbox 620 1072 820 1151; x_wconf 63' lang='lat' dir='ltr'>otescalcum</span> <span class='ocrx_word' id='word_1_20' title='bbox 844 1072 1036 1155; x_wconf 72' lang='grc' dir='ltr'><em>πεφυγμένον</em></span> <span class='ocrx_word' id='word_1_21' title='bbox 1059 1076 1185 1152; x_wconf 85' lang='grc' dir='ltr'><em>ἔμμεναι</em></span> <span class='ocrx_word' id='word_1_22' title='bbox 1208 1074 1330 1155; x_wconf 63' lang='grc' dir='ltr'><em>άνᾶρῶν,</em></span> 
     </span>
    </p>

    <p class='ocr_par' dir='ltr' id='par_1_4' title="bbox 381 1191 1333 1393">
     <span class='ocr_line' id='line_1_5' title="bbox 448 1191 1333 1270; baseline 0.002 -15"><span class='ocrx_word' id='word_1_23' title='bbox 448 1195 479 1257; x_wconf 85' lang='grc' dir='ltr'>οὐ</span> <span class='ocrx_word' id='word_1_24' title='bbox 503 1194 592 1257; x_wconf 80' lang='grc' dir='ltr'><em>κακὸν</em></span> <span class='ocrx_word' id='word_1_25' title='bbox 614 1192 675 1255; x_wconf 74' lang='grc' dir='ltr'><em>οὐδὲ</em></span> <span class='ocrx_word' id='word_1_26' title='bbox 699 1191 753 1267; x_wconf 82' lang='grc' dir='ltr'>μὲν</span> <span class='ocrx_word' id='word_1_27' title='bbox 776 1192 890 1265; x_wconf 71' lang='grc' dir='ltr'><em>ἐσθλὸν,</em></span> <span class='ocrx_word' id='word_1_28' title='bbox 915 1193 986 1266; x_wconf 65' lang='grc' dir='ltr'><em>ἐπὴν</em></span> <span class='ocrx_word' id='word_1_29' title='bbox 1009 1193 1051 1257; x_wconf 84' lang='grc' dir='ltr'>τά</span> <span class='ocrx_word' id='word_1_30' title='bbox 1077 1197 1180 1270; x_wconf 83' lang='grc' dir='ltr'><em>πρῶτα</em></span> <span class='ocrx_word' id='word_1_31' title='bbox 1201 1192 1333 1269; x_wconf 74' lang='grc' dir='ltr'><em>γένηται.</em></span> 
     </span>
     <span class='ocr_line' id='line_1_6' title="bbox 381 1308 766 1393; baseline -0.005 -20"><span class='ocrx_word' id='word_1_32' title='bbox 381 1320 412 1373; x_wconf 87' lang='lat' dir='ltr'>et</span> <span class='ocrx_word' id='word_1_33' title='bbox 435 1310 515 1393; x_wconf 87' lang='lat' dir='ltr'>apud</span> <span class='ocrx_word' id='word_1_34' title='bbox 541 1308 699 1373; x_wconf 90' lang='lat' dir='ltr'>Callinum</span> <span class='ocrx_word' id='word_1_35' title='bbox 729 1312 766 1372; x_wconf 81' lang='lat' dir='ltr'>la</span> 
     </span>
    </p>

    <p class='ocr_par' dir='ltr' id='par_1_5' title="bbox 470 1426 1301 1627">
     <span class='ocr_line' id='line_1_7' title="bbox 470 1426 1301 1506; baseline -0.002 -13"><span class='ocrx_word' id='word_1_36' title='bbox 470 1430 501 1493; x_wconf 81' lang='grc' dir='ltr'>οὐ</span> <span class='ocrx_word' id='word_1_37' title='bbox 524 1428 584 1505; x_wconf 76' lang='grc' dir='ltr'>γάρ</span> <span class='ocrx_word' id='word_1_38' title='bbox 607 1452 662 1500; x_wconf 73' lang='lat' dir='ltr'>aar</span> <span class='ocrx_word' id='word_1_39' title='bbox 686 1426 809 1491; x_wconf 77' lang='grc' dir='ltr'><em>θάνατόν</em></span> <span class='ocrx_word' id='word_1_40' title='bbox 832 1452 869 1503; x_wconf 76' lang='grc' dir='ltr'><em>γε</em></span> <span class='ocrx_word' id='word_1_41' title='bbox 896 1435 1006 1506; x_wconf 73' lang='grc' dir='ltr'><em>φυγεῖν</em></span> <span class='ocrx_word' id='word_1_42' title='bbox 1028 1429 1200 1506; x_wconf 70' lang='grc' dir='ltr'><em>εἱμαρμένον</em></span> <span class='ocrx_word' id='word_1_43' title='bbox 1222 1427 1301 1491; x_wconf 77' lang='grc' dir='ltr'><em>ἐστὶν</em></span> 
     </span>
     <span class='ocr_line' id='line_1_8' title="bbox 515 1544 1244 1627; baseline 0 -18"><span class='ocrx_word' id='word_1_44' title='bbox 515 1545 605 1625; x_wconf 81' lang='grc' dir='ltr'><em>άνδρ’,</em></span> <span class='ocrx_word' id='word_1_45' title='bbox 630 1547 688 1611; x_wconf 66' lang='grc' dir='ltr'>οὐδ’</span> <span class='ocrx_word' id='word_1_46' title='bbox 712 1548 744 1621; x_wconf 77' lang='grc' dir='ltr'>ἣν</span> <span class='ocrx_word' id='word_1_47' title='bbox 767 1547 911 1627; x_wconf 76' lang='grc' dir='ltr'><em>προγόνων</em></span> <span class='ocrx_word' id='word_1_48' title='bbox 935 1544 952 1627; x_wconf 71' lang='grc' dir='ltr'><strong><em>ἦ</em></strong></span> <span class='ocrx_word' id='word_1_49' title='bbox 975 1546 1057 1622; x_wconf 77' lang='grc' dir='ltr'><em>γένος</em></span> <span class='ocrx_word' id='word_1_50' title='bbox 1081 1547 1244 1611; x_wconf 78' lang='grc' dir='ltr'><em>άάανάτων.</em></span> 
     </span>
    </p>

    <p class='ocr_par' dir='ltr' id='par_1_6' title="bbox 382 1661 1401 2103">
     <span class='ocr_line' id='line_1_9' title="bbox 430 1661 1399 1748; baseline 0 -21"><span class='ocrx_word' id='word_1_51' title='bbox 430 1667 502 1727; x_wconf 89' lang='grc'><strong>133.</strong></span> <span class='ocrx_word' id='word_1_52' title='bbox 537 1661 611 1741; x_wconf 78' lang='grc' dir='ltr'><em>ἕψοι.</em></span> <span class='ocrx_word' id='word_1_53' title='bbox 648 1664 787 1748; x_wconf 82' lang='lat' dir='ltr'>Coquat,</span> <span class='ocrx_word' id='word_1_54' title='bbox 816 1665 927 1728; x_wconf 85' lang='lat' dir='ltr'>foveat.</span> <span class='ocrx_word' id='word_1_55' title='bbox 972 1663 1171 1748; x_wconf 84' lang='lat' dir='ltr'>Significatur</span> <span class='ocrx_word' id='word_1_56' title='bbox 1205 1664 1337 1727; x_wconf 82' lang='lat' dir='ltr'>maxima</span> <span class='ocrx_word' id='word_1_57' title='bbox 1368 1665 1399 1727; x_wconf 92' lang='lat' dir='ltr'>in</span> 
     </span>
     <span class='ocr_line' id='line_1_10' title="bbox 382 1781 1401 1867; baseline -0.002 -23"><span class='ocrx_word' id='word_1_58' title='bbox 382 1782 589 1846; x_wconf 90' lang='lat' dir='ltr'>conservando</span> <span class='ocrx_word' id='word_1_59' title='bbox 614 1804 687 1847; x_wconf 83' lang='lat' dir='ltr'>cura</span> <span class='ocrx_word' id='word_1_60' title='bbox 709 1783 826 1867; x_wconf 87' lang='lat' dir='ltr'>posita,</span> <span class='ocrx_word' id='word_1_61' title='bbox 853 1790 888 1847; x_wconf 91' lang='lat' dir='ltr'>ut</span> <span class='ocrx_word' id='word_1_62' title='bbox 912 1789 1043 1847; x_wconf 88' lang='lat' dir='ltr'>aetatem</span> <span class='ocrx_word' id='word_1_63' title='bbox 1067 1782 1148 1845; x_wconf 88' lang='lat' dir='ltr'>nulli</span> <span class='ocrx_word' id='word_1_64' title='bbox 1173 1781 1314 1865; x_wconf 86' lang='lat' dir='ltr'>periculo</span> <span class='ocrx_word' id='word_1_65' title='bbox 1334 1804 1401 1865; x_wconf 88' lang='lat' dir='ltr'>pro·</span> 
     </span>
     <span class='ocr_line' id='line_1_11' title="bbox 382 1898 1401 1985; baseline -0.002 -22"><span class='ocrx_word' id='word_1_66' title='bbox 382 1922 494 1984; x_wconf 89' lang='lat' dir='ltr'>ponere</span> <span class='ocrx_word' id='word_1_67' title='bbox 526 1910 555 1963; x_wconf 88' lang='lat' dir='ltr'>et</span> <span class='ocrx_word' id='word_1_68' title='bbox 588 1902 637 1964; x_wconf 79' lang='lat' dir='ltr'>vix</span> <span class='ocrx_word' id='word_1_69' title='bbox 668 1901 701 1965; x_wconf 87' lang='lat' dir='ltr'>in</span> <span class='ocrx_word' id='word_1_70' title='bbox 732 1900 831 1964; x_wconf 91' lang='lat' dir='ltr'>lucem</span> <span class='ocrx_word' id='word_1_71' title='bbox 860 1900 994 1985; x_wconf 85' lang='lat' dir='ltr'>prolerre</span> <span class='ocrx_word' id='word_1_72' title='bbox 1017 1898 1151 1976; x_wconf 79' lang='lat' dir='ltr'><strong>audeas,</strong></span> <span class='ocrx_word' id='word_1_73' title='bbox 1177 1922 1307 1984; x_wconf 86' lang='lat' dir='ltr'>eamque</span> <span class='ocrx_word' id='word_1_74' title='bbox 1331 1922 1401 1962; x_wconf 88' lang='lat' dir='ltr'>con-</span> 
     </span>
     <span class='ocr_line' id='line_1_12' title="bbox 382 2017 1278 2103; baseline -0.002 -22"><span class='ocrx_word' id='word_1_75' title='bbox 382 2019 551 2083; x_wconf 74' lang='lat' dir='ltr'>servatione</span> <span class='ocrx_word' id='word_1_76' title='bbox 576 2020 642 2103; x_wconf 85' lang='lat' dir='ltr'>ipsa</span> <span class='ocrx_word' id='word_1_77' title='bbox 666 2039 838 2082; x_wconf 77' lang='lat' dir='ltr'><strong>consumas.</strong></span> <span class='ocrx_word' id='word_1_78' title='bbox 885 2018 1035 2083; x_wconf 81' lang='lat' dir='ltr'>Similiter</span> <span class='ocrx_word' id='word_1_79' title='bbox 1060 2017 1114 2103; x_wconf 83' lang='lat' dir='ltr'>Py.</span> <span class='ocrx_word' id='word_1_80' title='bbox 1141 2017 1187 2080; x_wconf 87' lang='lat' dir='ltr'>IV</span> <span class='ocrx_word' id='word_1_81' title='bbox 1214 2020 1278 2081; x_wconf 82' lang='lat'>330</span> 
     </span>
    </p>

    <p class='ocr_par' dir='ltr' id='par_1_7' title="bbox 605 2136 1166 2321">
     <span class='ocr_line' id='line_1_13' title="bbox 605 2136 1166 2216; baseline -0.002 -15"><span class='ocrx_word' id='word_1_82' title='bbox 605 2139 661 2201; x_wconf 86' lang='grc' dir='ltr'>τάν</span> <span class='ocrx_word' id='word_1_83' title='bbox 684 2137 827 2203; x_wconf 76' lang='grc' dir='ltr'><em>άιιίνδννον</em></span> <span class='ocrx_word' id='word_1_84' title='bbox 851 2137 933 2215; x_wconf 81' lang='grc' dir='ltr'><em>παρά</em></span> <span class='ocrx_word' id='word_1_85' title='bbox 956 2138 1047 2216; x_wconf 78' lang='grc' dir='ltr'><em>ματρὶ</em></span> <span class='ocrx_word' id='word_1_86' title='bbox 1071 2136 1166 2213; x_wconf 73' lang='grc' dir='ltr'><em>μένειν</em></span> 
     </span>
     <span class='ocr_line' id='line_1_14' title="bbox 605 2254 861 2321; baseline 0.012 -3"><span class='ocrx_word' id='word_1_87' title='bbox 605 2257 695 2320; x_wconf 79' lang='grc' dir='ltr'><em>αἰῶνα</em></span> <span class='ocrx_word' id='word_1_88' title='bbox 718 2254 861 2321; x_wconf 79' lang='grc' dir='ltr'><em>πέσσοντ’.</em></span> 
     </span>
    </p>

    <p class='ocr_par' dir='ltr' id='par_1_8' title="bbox 382 2372 1400 2809">
     <span class='ocr_line' id='line_1_15' title="bbox 431 2372 1398 2457; baseline -0.002 -20"><span class='ocrx_word' id='word_1_89' title='bbox 431 2376 503 2439; x_wconf 83' lang='grc'><strong>135.</strong></span> <span class='ocrx_word' id='word_1_90' title='bbox 534 2374 727 2453; x_wconf 73' lang='grc' dir='ltr'><em>ὑποκείσεται.</em></span> <span class='ocrx_word' id='word_1_91' title='bbox 759 2374 924 2437; x_wconf 78' lang='grc' dir='ltr'><em>ὑποκεῖσθαι</em></span> <span class='ocrx_word' id='word_1_92' title='bbox 945 2373 1138 2457; x_wconf 84' lang='lat' dir='ltr'>propositum</span> <span class='ocrx_word' id='word_1_93' title='bbox 1155 2395 1229 2436; x_wconf 89' lang='lat' dir='ltr'>esse.</span> <span class='ocrx_word' id='word_1_94' title='bbox 1259 2372 1398 2457; x_wconf 80' lang='lat' dir='ltr'>Tlrucyd.</span> 
     </span>
     <span class='ocr_line' id='line_1_16' title="bbox 384 2490 1400 2575; baseline 0 -20"><span class='ocrx_word' id='word_1_95' title='bbox 384 2490 436 2555; x_wconf 90' lang='lat' dir='ltr'>HI</span> <span class='ocrx_word' id='word_1_96' title='bbox 460 2494 501 2554; x_wconf 71' lang='lat'>84</span> <span class='ocrx_word' id='word_1_97' title='bbox 525 2491 637 2557; x_wconf 83' lang='grc' dir='ltr'><em>άπαοιν</em></span> <span class='ocrx_word' id='word_1_98' title='bbox 660 2492 744 2563; x_wconf 72' lang='grc' dir='ltr'><em>ἐλπὶς</em></span> <span class='ocrx_word' id='word_1_99' title='bbox 769 2492 927 2557; x_wconf 79' lang='grc' dir='ltr'><em>ὑπόκειται.</em></span> <span class='ocrx_word' id='word_1_100' title='bbox 971 2491 1029 2555; x_wconf 75' lang='lat' dir='ltr'>ua</span> <span class='ocrx_word' id='word_1_101' title='bbox 1054 2490 1205 2575; x_wconf 77' lang='lat' dir='ltr'>quaedam</span> <span class='ocrx_word' id='word_1_102' title='bbox 1229 2490 1400 2557; x_wconf 82' lang='lat' dir='ltr'>similitudo</span> 
     </span>
     <span class='ocr_line' id='line_1_17' title="bbox 383 2608 1400 2695; baseline -0.002 -22"><span class='ocrx_word' id='word_1_103' title='bbox 383 2608 475 2695; x_wconf 87' lang='lat' dir='ltr'>hujus</span> <span class='ocrx_word' id='word_1_104' title='bbox 507 2608 650 2673; x_wconf 83' lang='lat' dir='ltr'>dictionis</span> <span class='ocrx_word' id='word_1_105' title='bbox 681 2632 751 2673; x_wconf 90' lang='lat' dir='ltr'>cum</span> <span class='ocrx_word' id='word_1_106' title='bbox 783 2609 874 2674; x_wconf 84' lang='lat' dir='ltr'>verbo</span> <span class='ocrx_word' id='word_1_107' title='bbox 906 2610 1080 2687; x_wconf 77' lang='grc' dir='ltr'><em>ὑποστῆναι,</em></span> <span class='ocrx_word' id='word_1_108' title='bbox 1112 2609 1285 2693; x_wconf 80' lang='lat' dir='ltr'>suscipere,</span> <span class='ocrx_word' id='word_1_109' title='bbox 1315 2609 1400 2674; x_wconf 88' lang='lat' dir='ltr'>velut</span> 
     </span>
     <span class='ocr_line' id='line_1_18' title="bbox 382 2712 1056 2809; baseline 0.001 -21"><span class='ocrx_word' id='word_1_110' title='bbox 382 2724 520 2809; x_wconf 81' lang='lat' dir='ltr'>Thucyd.</span> <span class='ocrx_word' id='word_1_111' title='bbox 545 2725 580 2789; x_wconf 87' lang='lat' dir='ltr'>II</span> <span class='ocrx_word' id='word_1_112' title='bbox 605 2728 645 2789; x_wconf 89' lang='grc'>61</span> <span class='ocrx_word' id='word_1_113' title='bbox 671 2728 829 2800; x_wconf 70' lang='grc' dir='ltr'><em>ὑποστῆναι</em></span> <span class='ocrx_word' id='word_1_114' title='bbox 851 2728 900 2791; x_wconf 77' lang='grc' dir='ltr'>τὸν</span> <span class='ocrx_word' id='word_1_115' title='bbox 924 2712 1056 2791; x_wconf 66' lang='grc' dir='ltr'><em>κίνδυνον.</em></span> 
     </span>
    </p>

    <p class='ocr_par' dir='ltr' id='par_1_9' title="bbox 384 2840 1399 3025">
     <span class='ocr_line' id='line_1_19' title="bbox 394 2840 1399 2928; baseline 0.001 -23"><span class='ocrx_word' id='word_1_116' title='bbox 394 2865 397 2873; x_wconf 81' lang='grc'><strong>’</strong></span> <span class='ocrx_word' id='word_1_117' title='bbox 430 2845 503 2907; x_wconf 87' lang='grc'><strong>186,</strong></span> <span class='ocrx_word' id='word_1_118' title='bbox 540 2840 653 2923; x_wconf 74' lang='grc' dir='ltr'><em>πράξιν.</em></span> <span class='ocrx_word' id='word_1_119' title='bbox 693 2842 862 2927; x_wconf 83' lang='lat' dir='ltr'>Effectum,</span> <span class='ocrx_word' id='word_1_120' title='bbox 896 2852 1039 2908; x_wconf 87' lang='lat' dir='ltr'>eventum</span> <span class='ocrx_word' id='word_1_121' title='bbox 1073 2843 1204 2908; x_wconf 87' lang='lat' dir='ltr'>actionis</span> <span class='ocrx_word' id='word_1_122' title='bbox 1236 2844 1399 2928; x_wconf 89' lang='lat' dir='ltr'>significat.</span> 
     </span>
     <span class='ocr_line' id='line_1_20' title="bbox 384 2959 763 3025; baseline 0.003 -2"><span class='ocrx_word' id='word_1_123' title='bbox 384 2959 474 3025; x_wconf 92' lang='lat' dir='ltr'>Hom.</span> <span class='ocrx_word' id='word_1_124' title='bbox 500 2959 538 3025; x_wconf 94' lang='lat' dir='ltr'>Il.</span> <span class='ocrx_word' id='word_1_125' title='bbox 564 2959 672 3024; x_wconf 85' lang='lat' dir='ltr'>XXIV</span> <span class='ocrx_word' id='word_1_126' title='bbox 698 2964 763 3024; x_wconf 74' lang='lat'>524</span> 
     </span>
    </p>

    <p class='ocr_par' dir='ltr' id='par_1_10' title="bbox 382 3078 1400 3393">
     <span class='ocr_line' id='line_1_21' title="bbox 526 3078 1246 3160; baseline -0.001 -17"><span class='ocrx_word' id='word_1_127' title='bbox 526 3081 557 3143; x_wconf 84' lang='grc' dir='ltr'>οὐ</span> <span class='ocrx_word' id='word_1_128' title='bbox 580 3080 640 3158; x_wconf 73' lang='grc' dir='ltr'>γάρ</span> <span class='ocrx_word' id='word_1_129' title='bbox 662 3104 706 3151; x_wconf 84' lang='grc' dir='ltr'>τις</span> <span class='ocrx_word' id='word_1_130' title='bbox 731 3078 835 3160; x_wconf 77' lang='grc' dir='ltr'><em>πράξις</em></span> <span class='ocrx_word' id='word_1_131' title='bbox 860 3079 984 3143; x_wconf 76' lang='grc' dir='ltr'><em>πέλεται</em></span> <span class='ocrx_word' id='word_1_132' title='bbox 1009 3087 1129 3159; x_wconf 80' lang='grc' dir='ltr'><em>κρυεροῖο</em></span> <span class='ocrx_word' id='word_1_133' title='bbox 1153 3080 1246 3156; x_wconf 70' lang='grc' dir='ltr'><em>νέοιο,</em></span> 
     </span>
     <span class='ocr_line' id='line_1_22' title="bbox 384 3195 1400 3281; baseline 0.003 -22"><span class='ocrx_word' id='word_1_134' title='bbox 384 3196 461 3259; x_wconf 86' lang='lat' dir='ltr'>nihil</span> <span class='ocrx_word' id='word_1_135' title='bbox 492 3196 711 3261; x_wconf 79' lang='lat' dir='ltr'>lamentatione</span> <span class='ocrx_word' id='word_1_136' title='bbox 743 3196 884 3260; x_wconf 82' lang='lat' dir='ltr'>efficitur.</span> <span class='ocrx_word' id='word_1_137' title='bbox 932 3195 1050 3260; x_wconf 82' lang='lat' dir='ltr'>Eodem</span> <span class='ocrx_word' id='word_1_138' title='bbox 1083 3198 1217 3281; x_wconf 87' lang='lat' dir='ltr'>pertinet</span> <span class='ocrx_word' id='word_1_139' title='bbox 1245 3197 1340 3263; x_wconf 88' lang='lat' dir='ltr'>dictio</span> <span class='ocrx_word' id='word_1_140' title='bbox 1368 3195 1400 3262; x_wconf 80' lang='grc' dir='ltr'><em>εὖ</em></span> 
     </span>
     <span class='ocr_line' id='line_1_23' title="bbox 382 3314 530 3393; baseline 0 -16"><span class='ocrx_word' id='word_1_141' title='bbox 382 3314 530 3393; x_wconf 86' lang='grc' dir='ltr'><em>πράττειν.</em></span> 
     </span>
    </p>

    <p class='ocr_par' dir='ltr' id='par_1_11' title="bbox 382 3430 1399 3753">
     <span class='ocr_line' id='line_1_24' title="bbox 431 3430 1396 3516; baseline 0.002 -22"><span class='ocrx_word' id='word_1_142' title='bbox 431 3434 503 3496; x_wconf 87' lang='grc'><strong>138.</strong></span> <span class='ocrx_word' id='word_1_143' title='bbox 538 3430 676 3513; x_wconf 78' lang='grc' dir='ltr'><em>ἐφάψατ’</em></span> <span class='ocrx_word' id='word_1_144' title='bbox 712 3432 766 3516; x_wconf 83' lang='lat' dir='ltr'>Py.</span> <span class='ocrx_word' id='word_1_145' title='bbox 793 3430 874 3495; x_wconf 85' lang='lat' dir='ltr'>VIII</span> <span class='ocrx_word' id='word_1_146' title='bbox 899 3433 941 3493; x_wconf 88' lang='grc'>86</span> <span class='ocrx_word' id='word_1_147' title='bbox 964 3430 1110 3511; x_wconf 79' lang='grc' dir='ltr'><em>ἐφάψατο</em></span> <span class='ocrx_word' id='word_1_148' title='bbox 1136 3433 1276 3511; x_wconf 81' lang='grc' dir='ltr'><em>τέχναις,</em></span> <span class='ocrx_word' id='word_1_149' title='bbox 1306 3432 1396 3497; x_wconf 88' lang='lat' dir='ltr'>Nem.</span> 
     </span>
     <span class='ocr_line' id='line_1_25' title="bbox 382 3549 1399 3636; baseline 0.002 -23"><span class='ocrx_word' id='word_1_150' title='bbox 382 3549 464 3613; x_wconf 88' lang='lat' dir='ltr'>VIH</span> <span class='ocrx_word' id='word_1_151' title='bbox 489 3553 529 3612; x_wconf 87' lang='lat'>60</span> <span class='ocrx_word' id='word_1_152' title='bbox 557 3550 700 3622; x_wconf 74' lang='grc' dir='ltr'><em>κελεύθοις</em></span> <span class='ocrx_word' id='word_1_153' title='bbox 724 3550 926 3633; x_wconf 75' lang='grc' dir='ltr'><em>ἐφαπτοίμαν.</em></span> <span class='ocrx_word' id='word_1_154' title='bbox 973 3550 1104 3634; x_wconf 75' lang='lat' dir='ltr'>Saepius</span> <span class='ocrx_word' id='word_1_155' title='bbox 1128 3557 1231 3615; x_wconf 88' lang='lat' dir='ltr'>tamen</span> <span class='ocrx_word' id='word_1_156' title='bbox 1255 3573 1325 3615; x_wconf 92' lang='lat' dir='ltr'>eum</span> <span class='ocrx_word' id='word_1_157' title='bbox 1349 3575 1399 3636; x_wconf 86' lang='lat' dir='ltr'>ge-</span> 
     </span>
     <span class='ocr_line' id='line_1_26' title="bbox 383 3668 1396 3753; baseline 0.003 -22"><span class='ocrx_word' id='word_1_158' title='bbox 383 3670 496 3747; x_wconf 87' lang='lat' dir='ltr'>nitivo,</span> <span class='ocrx_word' id='word_1_159' title='bbox 522 3669 606 3732; x_wconf 91' lang='lat' dir='ltr'>velut</span> <span class='ocrx_word' id='word_1_160' title='bbox 629 3669 678 3733; x_wconf 89' lang='lat' dir='ltr'>Ol.</span> <span class='ocrx_word' id='word_1_161' title='bbox 701 3668 749 3732; x_wconf 91' lang='lat' dir='ltr'>IX</span> <span class='ocrx_word' id='word_1_162' title='bbox 777 3672 813 3732; x_wconf 91' lang='grc'>19</span> <span class='ocrx_word' id='word_1_163' title='bbox 834 3669 908 3734; x_wconf 79' lang='grc' dir='ltr'><em>οὗτοι</em></span> <span class='ocrx_word' id='word_1_164' title='bbox 926 3668 1143 3749; x_wconf 75' lang='grc' dir='ltr'><em>χαμαιπετέων</em></span> <span class='ocrx_word' id='word_1_165' title='bbox 1163 3670 1259 3747; x_wconf 73' lang='grc' dir='ltr'><em>λόγων</em></span> <span class='ocrx_word' id='word_1_166' title='bbox 1279 3669 1396 3753; x_wconf 76' lang='grc' dir='ltr'><em>ε’φάψρ.</em></span> 
     </span>
    </p>

    <p class='ocr_par' dir='ltr' id='par_1_12' title="bbox 381 3785 1400 4345">
     <span class='ocr_line' id='line_1_27' title="bbox 430 3785 1399 3872; baseline 0.001 -22"><span class='ocrx_word' id='word_1_167' title='bbox 430 3790 502 3851; x_wconf 67' lang='grc'><strong>143.</strong></span> <span class='ocrx_word' id='word_1_168' title='bbox 538 3786 612 3852; x_wconf 80' lang='grc' dir='ltr'><em>ἕλεν.</em></span> <span class='ocrx_word' id='word_1_169' title='bbox 649 3786 814 3872; x_wconf 83' lang='lat' dir='ltr'>Zeugmate</span> <span class='ocrx_word' id='word_1_170' title='bbox 838 3786 895 3851; x_wconf 86' lang='lat' dir='ltr'>lroc</span> <span class='ocrx_word' id='word_1_171' title='bbox 919 3785 1047 3851; x_wconf 90' lang='lat' dir='ltr'>verbum</span> <span class='ocrx_word' id='word_1_172' title='bbox 1071 3786 1110 3850; x_wconf 89' lang='lat' dir='ltr'>ad</span> <span class='ocrx_word' id='word_1_173' title='bbox 1134 3786 1285 3852; x_wconf 87' lang='lat' dir='ltr'>Oenomai</span> <span class='ocrx_word' id='word_1_174' title='bbox 1305 3788 1399 3851; x_wconf 88' lang='lat' dir='ltr'>robur</span> 
     </span>
     <span class='ocr_line' id='line_1_28' title="bbox 382 3904 1400 3991; baseline -0.001 -22"><span class='ocrx_word' id='word_1_175' title='bbox 382 3914 413 3969; x_wconf 90' lang='lat' dir='ltr'>et</span> <span class='ocrx_word' id='word_1_176' title='bbox 436 3906 472 3969; x_wconf 92' lang='lat' dir='ltr'>ad</span> <span class='ocrx_word' id='word_1_177' title='bbox 498 3904 633 3991; x_wconf 88' lang='lat' dir='ltr'>puellam</span> <span class='ocrx_word' id='word_1_178' title='bbox 657 3906 804 3969; x_wconf 78' lang='lat' dir='ltr'>refertur:</span> <span class='ocrx_word' id='word_1_179' title='bbox 830 3906 911 3989; x_wconf 88' lang='lat' dir='ltr'>cepit</span> <span class='ocrx_word' id='word_1_180' title='bbox 935 3904 1145 3983; x_wconf 87' lang='lat' dir='ltr'>Oenomaum,</span> <span class='ocrx_word' id='word_1_181' title='bbox 1174 3906 1194 3968; x_wconf 96' lang='lat' dir='ltr'>i.</span> <span class='ocrx_word' id='word_1_182' title='bbox 1220 3929 1246 3969; x_wconf 89' lang='lat' dir='ltr'>e.</span> <span class='ocrx_word' id='word_1_183' title='bbox 1272 3906 1345 3971; x_wconf 90' lang='lat' dir='ltr'>vicit</span> <span class='ocrx_word' id='word_1_184' title='bbox 1368 3914 1400 3969; x_wconf 87' lang='lat' dir='ltr'>et</span> 
     </span>
     <span class='ocr_line' id='line_1_29' title="bbox 382 4024 1399 4109; baseline -0.002 -22"><span class='ocrx_word' id='word_1_185' title='bbox 382 4025 551 4101; x_wconf 84' lang='lat' dir='ltr'>interfecit,</span> <span class='ocrx_word' id='word_1_186' title='bbox 577 4024 663 4109; x_wconf 87' lang='lat' dir='ltr'>cepit.</span> <span class='ocrx_word' id='word_1_187' title='bbox 682 4046 752 4087; x_wconf 87' lang='lat' dir='ltr'>vero</span> <span class='ocrx_word' id='word_1_188' title='bbox 776 4024 925 4109; x_wconf 85' lang='lat' dir='ltr'>virginem</span> <span class='ocrx_word' id='word_1_189' title='bbox 950 4025 1130 4109; x_wconf 83' lang='lat' dir='ltr'>conjugem,</span> <span class='ocrx_word' id='word_1_190' title='bbox 1155 4024 1176 4088; x_wconf 92' lang='lat' dir='ltr'>i.</span> <span class='ocrx_word' id='word_1_191' title='bbox 1198 4046 1223 4087; x_wconf 89' lang='lat' dir='ltr'>e.</span> <span class='ocrx_word' id='word_1_192' title='bbox 1248 4024 1308 4087; x_wconf 92' lang='lat' dir='ltr'>sibi</span> <span class='ocrx_word' id='word_1_193' title='bbox 1332 4046 1399 4107; x_wconf 77' lang='lat' dir='ltr'>pro</span> 
     </span>
     <span class='ocr_line' id='line_1_30' title="bbox 381 4140 1398 4229; baseline -0.004 -22"><span class='ocrx_word' id='word_1_194' title='bbox 381 4144 477 4229; x_wconf 87' lang='lat' dir='ltr'>priam</span> <span class='ocrx_word' id='word_1_195' title='bbox 507 4144 682 4208; x_wconf 85' lang='lat' dir='ltr'>vindicavit.</span> <span class='ocrx_word' id='word_1_196' title='bbox 730 4142 845 4207; x_wconf 79' lang='lat' dir='ltr'>Tamen</span> <span class='ocrx_word' id='word_1_197' title='bbox 874 4167 912 4207; x_wconf 90' lang='lat' dir='ltr'>ne</span> <span class='ocrx_word' id='word_1_198' title='bbox 936 4145 969 4208; x_wconf 92' lang='lat' dir='ltr'>in</span> <span class='ocrx_word' id='word_1_199' title='bbox 992 4143 1049 4207; x_wconf 89' lang='lat' dir='ltr'>hac</span> <span class='ocrx_word' id='word_1_200' title='bbox 1074 4143 1303 4206; x_wconf 87' lang='lat' dir='ltr'>constructione</span> <span class='ocrx_word' id='word_1_201' title='bbox 1327 4140 1398 4204; x_wconf 90' lang='lat' dir='ltr'>Piu-</span> 
     </span>
     <span class='ocr_line' id='line_1_31' title="bbox 383 4259 1398 4345; baseline -0.003 -21"><span class='ocrx_word' id='word_1_202' title='bbox 383 4261 456 4325; x_wconf 88' lang='lat' dir='ltr'>daro</span> <span class='ocrx_word' id='word_1_203' title='bbox 488 4262 651 4327; x_wconf 85' lang='lat' dir='ltr'>absurdam</span> <span class='ocrx_word' id='word_1_204' title='bbox 683 4262 818 4345; x_wconf 87' lang='lat' dir='ltr'>aliquem</span> <span class='ocrx_word' id='word_1_205' title='bbox 843 4262 992 4327; x_wconf 85' lang='lat' dir='ltr'>orationis</span> <span class='ocrx_word' id='word_1_206' title='bbox 1018 4260 1229 4325; x_wconf 86' lang='lat' dir='ltr'>confusionem</span> <span class='ocrx_word' id='word_1_207' title='bbox 1253 4259 1398 4323; x_wconf 89' lang='lat' dir='ltr'>obtruda-</span> 
     </span>
    </p>
   </div>
   <div class='ocr_carea' id='block_1_3' title="bbox 383 4376 1400 4465">
    <p class='ocr_par' dir='ltr' id='par_1_13' title="bbox 383 4376 1400 4465">
     <span class='ocr_line' id='line_1_32' title="bbox 383 4376 1400 4465; baseline -0.004 -22"><span class='ocrx_word' id='word_1_208' title='bbox 383 4402 468 4457; x_wconf 89' lang='lat' dir='ltr'>mus,</span> <span class='ocrx_word' id='word_1_209' title='bbox 501 4380 584 4465; x_wconf 88' lang='lat' dir='ltr'>quod</span> <span class='ocrx_word' id='word_1_210' title='bbox 617 4378 722 4445; x_wconf 90' lang='lat' dir='ltr'>eodem</span> <span class='ocrx_word' id='word_1_211' title='bbox 752 4379 844 4445; x_wconf 89' lang='lat' dir='ltr'>verbo</span> <span class='ocrx_word' id='word_1_212' title='bbox 869 4380 1000 4444; x_wconf 85' lang='lat' dir='ltr'>maxime</span> <span class='ocrx_word' id='word_1_213' title='bbox 1023 4378 1193 4456; x_wconf 89' lang='lat' dir='ltr'>contraria,</span> <span class='ocrx_word' id='word_1_214' title='bbox 1219 4376 1343 4441; x_wconf 86' lang='lat' dir='ltr'>caedem</span> <span class='ocrx_word' id='word_1_215' title='bbox 1366 4384 1400 4439; x_wconf 84' lang='lat' dir='ltr'>et·</span> 
     </span>
    </p>
   </div>
   <div class='ocr_carea' id='block_1_4' title="bbox 0 0 1870 5542">
    <p class='ocr_par' dir='ltr' id='par_1_14' title="bbox 0 0 1870 5542">
     <span class='ocr_line' id='line_1_33' title="bbox 0 0 1870 5542; baseline 0 0"><span class='ocrx_word' id='word_1_216' title='bbox 0 0 1870 5542; x_wconf 95' lang='lat' dir='ltr'> </span> 
     </span>
    </p>
   </div>
  </div>
 </body>
</html>
