3725 5542
1017 699 1079 757 552

534 897 700 981 pertineat:
723 896 807 960 aliud
826 896 1004 981 hujusmodi
1019 895 1192 981 exemplum
1209 898 1327 981 ignoro.
1362 898 1423 962 Sed
1439 898 1557 976 καᾈη
1654 886 1655 895 ¹

536 1015 688 1098 pertinere
711 1014 852 1078 existimo
877 1013 916 1077 ed
940 1014 1059 1078 ἐλπίδι.
1093 1012 1167 1092 ssep*
1191 1012 1281 1095 ὅρκον.
1305 1037 1376 1078 enm
1393 1026 1556 1091 eventum,
1654 1012 1655 1037 ¹

535 1152 628 1213 quem
654 1130 856 1216 jurejurando
884 1132 949 1194 fleri
978 1154 1039 1196 non
1062 1154 1152 1218 posse
1176 1132 1389 1197 affirmaveris:
1414 1138 1489 1212 rap*
1511 1137 1556 1199 ἐλ-
1654 1136 1655 1139 ’

536 1250 608 1312 xllx
637 1251 771 1331 melpsa,
803 1272 894 1333 quem
927 1272 966 1314 ne
998 1250 1058 1313 levi
1087 1248 1214 1335 quidem
1237 1272 1291 1335 spe
1314 1254 1558 1336 exspectarim

535 1367 600 1431 fieri
625 1368 771 1452 potuisse.
819 1366 922 1448 Quam
946 1378 1050 1431 antem
1075 1368 1106 1431 in
1130 1369 1212 1431 uotis
1236 1368 1352 1432 criticis
1376 1391 1411 1432 er
1439 1370 1558 1433 Aldina

535 1487 718 1571 scripturam
734 1485 917 1562 memoravi,
936 1486 1064 1549 tortasse
1083 1488 1149 1571 ejus
1167 1486 1329 1570 vestigium
1347 1488 1441 1551 estin
1459 1486 1558 1550 schol.

535 1611 654 1667 vetere:
679 1603 798 1669 δύναται
821 1604 851 1667 δὲ
872 1604 933 1674 θεὸς
957 1602 1077 1667 τελέσαι
1101 1603 1150 1667 aet
1174 1604 1208 1667 τὸ
1230 1606 1295 1681 μεθ’
1314 1602 1394 1683 ὅρκου
1413 1605 1558 1669 atum

535 1720 715 1800 νομιζόμενον
737 1722 778 1791 εἷς
801 1720 968 1800 περίπτωσιν
991 1716 1046 1785 οἷον
1069 1720 1196 1801 εὐχερές.

585 1838 657 1899 123.
692 1836 845 1900 sverm.
871 1836 928 1899 Vel
953 1836 992 1900 ad
1015 1835 1182 1916 χαλκωθεὶς
1207 1837 1360 1921 pertinet:
1386 1839 1502 1902 aeratis
1518 1862 1561 1901 sr-

536 1952 595 2015 mia
625 1950 772 2015 indutus:
805 1951 853 2015 vel
881 1952 921 2015 ad
944 1951 1070 2033 ἔπαιζεν.
1119 1952 1295 2036 Utrumque
1319 1955 1504 2037 agnoscitur
1526 1956 1559 2019 in

535 2068 652 2133 scholio
676 2075 793 2146 vetere,
818 2076 911 2152 atque
934 2069 993 2133 hoc
1016 2070 1109 2133 etiam
1132 2070 1308 2156 explicetur
1330 2071 1459 2135 ἕνότλιω
1472 2072 1562 2151 ὄρχη-

536 2210 581 2251 σιν
609 2188 739 2251 ἐποιεῖτο.
770 2186 827 2250 ·Et
856 2186 895 2250 de
925 2186 1088 2251 saltatione
1119 2186 1244 2272 quidem
1275 2188 1325 2251 vix
1352 2190 1557 2274 cogitaveris:

536 2303 589 2368 aad
613 2304 739 2367 omuino
762 2303 840 2367 mihi
861 2303 986 2368 videtur
1009 2304 1175 2389 significari
1190 2304 1278 2370 lusus
1295 2306 1328 2369 in
1344 2306 1455 2381 armis,
1473 2308 1560 2391 ejus,

537 2422 590 2505 qui
621 2421 721 2487 multa
750 2444 859 2505 pessus
891 2422 993 2486 fuerat
1023 2424 1137 2487 frustra
1169 2445 1281 2507 equom
1314 2422 1437 2488 domare
1461 2448 1560 2510 quum

537 2548 717 2617 conaretur,
744 2548 776 2603 et
798 2540 854 2623 qni
873 2542 957 2626 jam,
981 2562 1014 2603 rc
1037 2539 1176 2605 nondum
1198 2541 1349 2625 perfecte,
1373 2542 1426 2605 sed
1451 2550 1559 2607 tamen

537 2679 591 2741 spe
613 2658 755 2735 inventa,
780 2658 878 2721 laetus
901 2658 1005 2721 omnia
1028 2658 1090 2721 rati
1114 2666 1144 2721 et
1160 2657 1352 2723 consiliatori
1368 2672 1556 2723 narraverat.

588 2777 660 2837 125.
682 2774 787 2853 αἰθέρος
809 2779 943 2855 ψυχρᾶς.
983 2773 1033 2837 Ad
1058 2774 1325 2859 Hyperboreornm
1351 2776 1418 2840 loca
1441 2777 1492 2841 rel
1516 2778 1556 2841 sd

539 2892 698 2978 Scythiam
720 2894 890 2955 Amawues
913 2892 1098 2957 referuntur.

589 3012 662 3073 126.
696 3010 811 3105 ἐρήμου.
857 3008 930 3074 Non
967 3031 1129 3075 commune
1163 3011 1320 3098 epitheton
1351 3034 1416 3075 cese
1447 3014 1561 3091 credo,

541 3128 594 3191 sed
626 3127 790 3211 significari
814 3150 833 3190 a
855 3135 937 3192 terra
958 3128 1122 3193 remotiore
1141 3138 1176 3193 et
1198 3130 1284 3193 coelo
1308 3131 1451 3214 propiora
1473 3131 1560 3195 loca:

542 3244 632 3308 Ovid.
656 3244 739 3308 Faat.
762 3243 801 3308 L.
824 3244 842 3307 Ι
865 3247 931 3308 494

699 3360 826 3426 Volucri
849 3383 947 3426 vacuo
973 3363 1125 3447 quidquid
1149 3365 1181 3427 in
1205 3363 1280 3428 orbe
1302 3372 1403 3449 patet:

542 3479 633 3543 Piud.
657 3477 707 3544 01.
731 3478 749 3543 Ι
776 3482 814 3543 10
838 3481 949 3560 ἐρήμας
972 3480 1007 3545 δι’
1030 3480 1146 3561 αἰθέρος.
1171 3481 1369 3562 Significatur
1392 3504 1464 3565 ergo
1489 3482 1562 3547 Bel-

543 3596 739 3680 lerophontes
774 3597 891 3681 Pegaso
926 3605 1048 3661 erectus
1090 3598 1184 3661 fnisse
1223 3598 1254 3661 in
1287 3598 1409 3661 aethere
1439 3608 1563 3663 vastum

543 3714 800 3800 terrestribusque
822 3716 1009 3799 superiorem
1033 3716 1185 3799 angustiis
1209 3736 1244 3778 ac
1268 3716 1418 3779 terminis.

593 3835 665 3895 129.
700 3831 817 3916 Solymi
839 3833 872 3896 in
895 3832 1035 3897 confiniis
1058 3840 1216 3917 ponuntur
1238 3831 1348 3917 Lyciae
1364 3842 1395 3897 et
1410 3832 1565 3919 Pamphy-

544 3948 612 4012 liae.
648 3948 741 4034 Apud
766 3948 934 4014 Homerum
960 3957 1061 4013 autem
1087 3949 1148 4012 slio
1171 3949 1279 4013 ordine
1302 3952 1469 4015 certamina
1494 3974 1564 4015 nar

544 4074 669 4142 rantur,
693 4065 889 4142 Chimaerae,
914 4066 1125 4151 Solymorum,
1151 4068 1350 4131 Amazonum.

592 4186 665 4247 130.
699 4185 935 4261 iraoorrctoousr.
982 4183 1134 4247 Novimus
1169 4184 1272 4249 tristes
1304 4184 1563 4270 Bellerophontae
1654 4214 1655 4271 3

546 4303 663 4377 exitus,
687 4303 829 4365 inventos
844 4301 1005 4386 superbia,
1022 4324 1120 4385 quum
1136 4301 1256 4367 coelum
1274 4310 1377 4385 petere
1393 4300 1561 4367 voluisset:
1654 4318 1655 4405 J

546 4438 677 4501 quornm
700 4418 805 4503 attigit
826 4419 940 4503 partim
964 4417 1135 4497 Homerus,
1159 4417 1197 4486 L.
1224 4416 1271 4481 VI
1295 4420 1359 4483 200
