3725 5542
1008 730 1052 789 co

522 943 552 995 et
575 932 720 1016 mojorem
741 930 832 993 etism
852 938 938 1014 optet
957 929 1059 993 curuli
1078 928 1245 1013 ponndnm
1265 932 1409 1009 victoris,
1429 932 1544 997 Deum·

520 1072 581 1133 qne
604 1058 763 1135 precetur,
795 1060 832 1111 nt
860 1050 927 1131 ejus
957 1049 1073 1132 optetis
1101 1048 1142 1111 sit
1164 1049 1337 1133 propitius,
1361 1049 1415 1113 sed
1438 1061 1542 1115 temen

520 1167 653 1251 eliquem
678 1168 768 1231 finem
792 1168 880 1251 ponit
901 1166 1046 1250 precsudi
1065 1188 1101 1231 se
1121 1167 1262 1231 fortunee
1281 1170 1464 1245 terminum,
1484 1192 1542 1233 nec

520 1286 643 1368 longius
667 1284 869 1369 spectandum
893 1286 958 1368 regi
978 1307 1043 1348 esse
1062 1296 1177 1349 mouet.
1192 1286 1216 1367 ¹)
1247 1284 1315 1349 Imo
1334 1308 1425 1363 sero,
1444 1307 1541 1369 quen-

519 1424 611 1487 qnsm
632 1402 715 1465 hond
736 1425 808 1467 sone
829 1404 926 1465 tristis
945 1426 1012 1466 esse
1031 1402 1125 1479 solet,
1145 1403 1233 1467 sll'ert
1252 1402 1435 1487 aliquando,
1455 1404 1540 1487 qnod

519 1520 636 1585 dictum
661 1520 735 1585 olim
759 1520 877 1597 fueret,
901 1542 974 1584 cnm
996 1543 1060 1585 nuo
1082 1520 1165 1585 bono
1187 1521 1252 1585 dno
1270 1520 1353 1585 mels
1370 1521 1467 1586 tribui
1485 1522 1542 1585 lio-

518 1639 654 1704 minibns
678 1662 695 1701 s
719 1638 841 1721 Diis:')
870 1638 937 1702 vult
960 1640 1075 1724 qnippe
1096 1638 1248 1723 intelligi,
1272 1661 1333 1703 non
1358 1648 1537 1725 papetnnm

517 1756 696 1841 sperandum
729 1779 795 1820 sese
825 1756 1088 1833 incolumitatem,
1116 1756 1211 1841 idque
1237 1754 1423 1840 ecquidem
1444 1756 1540 1821 morlo

517 1873 664 1949 affirmet,
685 1872 724 1936 sd
746 1873 878 1937 eundem
899 1872 1066 1937 Hieronem
1081 1874 1237 1951 scriberis,
1253 1874 1308 1958 qni
1323 1882 1392 1937 tum
1406 1875 1539 1938 maxime

518 1990 640 2055 ridetur
670 2014 702 2053 sc
732 2013 841 2075 psssm
872 2014 939 2055 esse
970 1992 1062 2055 rebus
1092 1990 1228 2055 edversis
1258 1990 1353 2075 affligi
1383 2013 1440 2055 nec
1463 1991 1539 2055 setis

517 2107 685 2171 suendisse
715 2105 755 2169 ed
786 2130 821 2171 es
852 2106 951 2183 bons,
981 2107 1096 2191 quibus
1126 2108 1188 2171 frui
1219 2118 1357 2193 poteret:
1387 2119 1432 2171 est
1455 2109 1537 2171 enim

517 2246 640 2289 cormcn
671 2224 818 2307 Pythium
848 2224 992 2301 tertium,
1015 2247 1033 2287 e
1055 2246 1119 2307 qno
1142 2225 1222 2289 lianc
1243 2226 1427 2288 sententium
1455 2233 1539 2287 retu·

518 2342 629 2418 limus,
653 2339 779 2425 plenum
802 2340 1022 2403 admonitionis
1044 2338 1084 2405 de
1106 2341 1249 2405 tortum
1271 2340 1424 2405 hnmsnoe
1443 2340 1539 2405 merli·

517 2459 663 2521 ocritste:
699 2456 792 2541 idque
827 2458 946 2542 ipsum,
983 2457 1067 2541 qnod
1092 2460 1157 2543 jem
1187 2458 1322 2523 diximus
1353 2458 1536 2542 aliquoties,

517 2577 602 2661 qnod
625 2577 742 2639 Graece
764 2576 797 2639 τὸ
821 2578 963 2655 deon&
985 2574 1118 2651 dicitnr,
1142 2576 1227 2660 qnod
1249 2576 1313 2641 lobi
1336 2598 1397 2640 non
1420 2577 1536 2660 possit,

517 2716 556 2757 ne
588 2694 716 2757 vetustis
747 2692 872 2777 quidem
896 2693 1058 2769 heroibus,
1081 2695 1137 2777 qni
1159 2714 1334 2778 supremum
1357 2692 1536 2757 habuissent

518 2812 691 2887 fortunam,
726 2812 891 2895 contigisse
926 2811 1033 2873 dccet:
1053 2810 1079 2893 ⁸)
1113 2813 1230 2896 quippe
1259 2812 1395 2875 Deorum
1425 2810 1458 2873 id
1489 2822 1537 2875 est

520 2930 686 3014 proprium.
728 2928 807 2993 Hinc
831 2928 886 2992 ille
908 2929 1052 3013 frequens
1074 2931 1142 3013 ejus
1164 2951 1241 3005 ror,
1264 2950 1353 3005 enm,
1377 2928 1433 3012 qni
1454 2950 1537 2993 snm·

518 3068 598 3109 mem
623 3058 732 3111 nectus
755 3046 795 3109 sit
819 3046 1012 3122 felicitatem,
1037 3045 1148 3109 debere
1170 3068 1236 3109 esse
1260 3054 1456 3122 contentum,
1480 3046 1542 3107 rrec'

518 3186 663 3247 qusererc
694 3164 759 3227 fieri
790 3163 902 3227 Deum.
915 3165 940 3243 ⁴)
986 3162 1068 3225 Hinc
1095 3164 1127 3225 in
1153 3163 1221 3247 ipss
1242 3162 1399 3227 felicitatis
1421 3162 1537 3245 megui-

519 3282 628 3345 tndinc
660 3280 813 3345 laudandi
844 3281 948 3364 eliqua
979 3288 1087 3364 poetae
1113 3282 1217 3345 cautio
1239 3302 1274 3345 ec
1297 3278 1448 3345 modestis
1470 3288 1534 3342 eet:

518 3398 602 3463 velut
627 3398 809 3462 clarissimas
832 3397 983 3462 Corintho
1006 3399 1117 3461 ortium
1138 3398 1329 3473 inventione,
1347 3395 1535 3460 ornamentis

518 3516 720 3601 templorum,
752 3514 825 3580 belli
857 3516 1039 3580 fortitudine
1070 3514 1158 3579 dates
1189 3538 1208 3579 r
1233 3514 1302 3580 Diis
1324 3513 1432 3578 leudes
1454 3534 1535 3576 com·

516 3646 682 3711 memoret,
722 3633 793 3711 sed,
825 3634 915 3697 sortis
947 3656 1065 3699 memor
1094 3634 1264 3709 hnmanae,
1295 3652 1452 3716 quumque
1480 3630 1534 3693 Dii

518 3752 690 3837 superiores
709 3752 789 3827 sint,
810 3751 987 3835 snbjnnffl't:
1004 3752 1171 3829 „Snmme,
1187 3752 1242 3835 qni
1258 3750 1320 3815 nte
1334 3750 1416 3833 rogis
1431 3747 1535 3833 Olym·

517 3871 618 3955 pium,
651 3892 689 3935 ue
715 3868 853 3933 invidens
877 3870 976 3934 verbis
998 3870 1091 3945 meis,
1114 3869 1227 3953 quibus
1248 3867 1335 3933 illem
1357 3866 1466 3931 urbem
1489 3888 1543 3987 or·0

517 3988 605 4065 nevi,
638 4008 691 4071 per
721 4008 811 4051 omne
842 3996 981 4071 tempus,
1009 3986 1150 4071 Jupiter,
1173 3995 1206 4050 et
1227 3984 1311 4050 hunc
1333 3987 1399 4049 sine
1421 3982 1535 4049 domno

517 4126 604 4189 regns
628 4104 809 4189 populum.'’
822 4106 848 4185 Β)
882 4104 1066 4190 Scripsimns
1089 4116 1196 4181 antee,
1231 4110 1349 4187 qnento
1367 4101 1461 4166 fuerit
1480 4123 1534 4187 pn-

551 4424 575 4485 1)
594 4420 632 4471 01.
649 4420 672 4469 1.
689 4418 746 4468 iss.
911 4418 938 4477 s)
955 4418 996 4483 ι).
1011 4418 1067 4468 111.
1086 4419 1141 4468 ns.
1307 4414 1484 4478 nmio.

549 4522 574 4575 n
592 4514 664 4565 voni
681 4514 718 4563 οι.
740 4515 766 4564 r.
786 4512 825 4563 sn
909 4515 936 4573 s)
954 4514 992 4563 οι.
1008 4514 1084 4563 ιιη.
1101 4516 1142 4563 se.
