3725 5542
976 704 1040 769 272

500 903 539 969 V.
564 907 628 969 305

777 1022 874 1101 βάλεν
897 1024 1013 1089 Αίνείοο
1037 1023 1107 1089 κον)
1129 1025 1236 1104 ίοχίον·

500 1150 532 1204 et
554 1140 667 1205 similia
690 1139 741 1204 ΠΙ
765 1143 849 1218 356,
874 1140 904 1203 V
928 1144 1012 1220 281,
1036 1140 1102 1206 VH
1125 1146 1209 1221 1150,
1233 1141 1330 1207 XVII
1353 1144 1436 1220 517,
1452 1142 1515 1206 XX

502 1262 576 1325 274.
623 1258 748 1339 Quibus
783 1259 859 1324 locis
889 1261 1045 1345 genitivus
1075 1260 1207 1346 pendere
1237 1268 1340 1346 potest
1369 1261 1408 1325 ab
1438 1262 1516 1325 inae

500 1384 615 1462 querite
635 1377 828 1441 substantivo
848 1378 996 1464 adjuncto
1012 1380 1249 1465 praepositioni,
1264 1379 1460 1464 quomodoV
1475 1383 1513 1443 16

610 1496 754 1561 Τυδείδεω
777 1496 803 1560 δ’
826 1497 895 1576 ὑπὲρ
918 1493 994 1574 ὦμον
1015 1498 1163 1578 ἀριστερὸν
1187 1497 1268 1573 ἤλυθ’
1289 1499 1400 1573 ἀκωκή.

500 1614 717 1679 Verumtamen
741 1614 824 1700 apud
847 1615 980 1680 eundem
1003 1623 1050 1679 est
1071 1614 1111 1680 V.
1138 1618 1201 1679 145

633 1735 683 1797 τὸν
704 1735 759 1811 μὲν
781 1734 851 1813 ὑπὲρ
873 1733 978 1815 μαζοῖο
998 1734 1103 1812 βολῶν
1125 1736 1275 1815 χαλκήρεϊ
1295 1734 1378 1814 δουρί·

500 1854 562 1916 537

565 1969 614 2033 τόν
636 1972 672 2049 pia
693 1969 764 2034 κοτ’
785 1970 898 2035 durata
919 1971 991 2051 δουρὶ
1013 1969 1095 2049 Baias
1118 1971 1215 2051 κρείων
1238 1970 1450 2049 Ἀγαμέμνων·

499 2095 529 2150 et
561 2087 670 2151 similia
701 2087 747 2152 IV
772 2091 854 2166 459,
880 2092 962 2167 480,
986 2093 1072 2169 492,
1098 2093 1182 2168 501,
1208 2092 1290 2167 527,
1315 2089 1363 2153 VI
1386 2094 1405 2152 9
1415 2140 1425 2173 ‚
1451 2088 1515 2152 VII

503 2208 560 2284 11,
587 2209 728 2271 14-17.

540 2322 629 2403 Quae
665 2324 790 2409 quidem
826 2325 967 2410 exempla
1002 2349 1098 2410 quum
1136 2325 1271 2391 habeant
1305 2326 1514 2389 accusativum

498 2441 590 2505 verbo
612 2441 740 2519 βάλλειν
763 2441 903 2507 additum
927 2451 1076 2528 sequente
1099 2443 1310 2521 substantivo,
1335 2465 1398 2527 quo
1421 2444 1514 2527 signi·

497 2559 604 2622 ficetur
631 2582 702 2644 pars
732 2582 784 2637 ea,
817 2584 878 2645 qus
908 2561 1021 2645 aliquis
1051 2569 1152 2626 tactus
1184 2563 1243 2627 sit:
1274 2561 1358 2626 hand
1381 2560 1514 2626 absurde

499 2675 576 2739 mihi
600 2676 781 2761 persuadere
804 2677 926 2767 videpr,
951 2678 1105 2763 prioribus
1128 2679 1204 2743 locis
1220 2680 1392 2765 genitivum
1407 2679 1514 2743 eodem

501 2792 593 2857 modo
623 2794 755 2879 pendere
787 2817 805 2859 a
835 2796 928 2860 verbo
958 2797 1103 2875 βάλλειν,
1135 2819 1198 2882 quo
1229 2797 1322 2862 modo
1344 2797 1394 2862 his
1418 2798 1456 2863 ab
1479 2820 1516 2861 eo

502 2910 634 2995 pendeat
656 2913 864 2977 accusativus:
886 2922 918 2978 et
929 2913 1101 2978 Homerum
1117 2914 1291 2999 promiscue
1305 2917 1515 2980 accusativum

501 3035 533 3092 et
554 3029 723 3113 genitivum
748 3029 775 3093 ei
798 3030 890 3095 verbo
910 3029 1096 3115 adjunxisse.
1120 3031 1297 3117 Utmmque
1321 3054 1391 3097 vero
1412 3055 1516 3097 casum

502 3146 644 3234 adjunxit
666 3147 696 3210 V
720 3151 760 3213 73

635 3268 684 3333 τὸν
706 3268 761 3344 μὲν
784 3268 926 3345 Φυλείδης
948 3269 1127 3349 δουρικλυτὸς
1149 3269 1275 3348 ἐγγύθεν
1297 3271 1384 3335 ἕλίὼν

635 3386 781 3465 βεβλήκει
804 3394 941 3469 κεφκλῆς
964 3388 1046 3453 κατὰ
1069 3388 1136 3453 ίνίον
1157 3386 1220 3466 atti
1244 3389 1328 3470 δουρί·

503 3528 574 3570 1111111
605 3504 728 3571 difficile
758 3529 830 3570 sane
858 3514 905 3571 est
926 3506 1067 3585 credere,
1092 3508 1264 3592 genitivum
1286 3516 1425 3590 κεφαλῆς
1448 3530 1520 3592 pen-

503 3624 575 3689 dere
606 3624 644 3689 ab
674 3626 749 3691 ίνίον.
796 3624 837 3688 Et
860 3647 926 3689 mea
950 3625 1103 3690 sententia
1129 3647 1166 3690 eo
1189 3627 1281 3690 etiam
1304 3626 1428 3691 videtur
1449 3648 1521 3690 cou-

504 3743 635 3821 firmari,
675 3742 760 3827 quod
794 3743 826 3806 in
862 3742 930 3806 aliis
967 3742 1085 3821 verbis,
1125 3744 1239 3828 quibus
1273 3745 1307 3807 in
1340 3743 1519 3808 vulneribus

502 3861 663 3926 narrandis
698 3862 798 3925 utitur
810 3910 819 3939 ‚
855 3860 882 3925 si
916 3861 1042 3947 quidem
1077 3884 1114 3927 ea
1148 3862 1358 3927 accusativum
1388 3869 1519 3947 regunt,

503 4005 593 4067 saepe
624 4004 694 4047 eum
730 3981 936 4046 accusativum
968 3981 1077 4047 eodem
1111 3982 1202 4047 modo
1238 3982 1421 4067 praeponit,
1457 4003 1520 4045 non

504 4122 575 4163 vero
606 4100 774 4184 genitivum
805 4122 991 4185 praeponere
1019 4102 1114 4179 solet,
1139 4101 1194 4187 qni
1216 4100 1332 4184 pariter
1355 4121 1424 4164 cnm
1449 4098 1520 4163 sub·

504 4218 639 4283 stantivo
655 4218 835 4303 insequente
851 4227 957 4305 posset
974 4220 1134 4304 conjungi:
1151 4217 1329 4303 hujusmodi
1348 4226 1423 4283 suat
1435 4217 1462 4280 V
1475 4220 1518 4281 45

592 4338 643 4401 τὸν
664 4338 719 4415 μὲν
741 4336 788 4417 ἄρ’
812 4338 970 4416 Ἰδομενεὺς
992 4337 1170 4416 δουρικλυτὸς
1193 4338 1286 4417 ἔγχεϊ
1304 4340 1407 4418 μικρῷ

594 4454 669 4539 νύξ’,
695 4454 790 4522 ἵππων
813 4456 1024 4535 ἐπιβησόμενον
1030 4504 1041 4533 ,
1063 4456 1145 4520 κατὰ
1166 4453 1256 4530 δεξιὸν
1279 4451 1365 4532 ὦμον·
