3725 5542
986 723 1050 782 238*

509 916 583 981 Noli
610 918 771 982 obscurare
794 941 987 984 communem
1012 919 1209 988 Callianaetis
1232 930 1427 1012 progeniem:
1455 956 1525 999 cum

509 1036 704 1099 llratidarum
732 1036 855 1121 gaudiis
886 1038 979 1101 etiam
1010 1039 1159 1103 laetitiam
1194 1042 1288 1108 habet
1322 1047 1440 1113 civitas.
1486 1051 1525 1125 In

508 1176 600 1238 parva
625 1164 709 1239 parte
732 1156 878 1239 temporis
902 1155 977 1219 alias
1002 1157 1079 1221 aliae
1102 1170 1265 1225 morentur
1288 1186 1389 1229 aurae.

918 1432 1111 1441 Ἣ

856 1628 1052 1694 OLYMPIA
1078 1630 1169 1697 VIII.

795 1886 1011 1931 acoruenosm
1036 1890 1230 1948 scameras,

878 2128 973 2187 puero
994 2108 1144 2170 luctatori.

544 2340 572 2403 Ο
605 2348 700 2403 mater
730 2341 949 2418 certaminum,
982 2362 1060 2423 quae
1090 2363 1217 2405 coronas
1254 2343 1368 2408 babent
1395 2367 1517 2424 aureas,

488 2448 661 2545 Olympia,
692 2459 816 2525 domina
848 2460 1002 2524 veritatis:
1033 2458 1085 2524 ubi
1116 2462 1271 2545 aruspices
1300 2462 1518 2544 homines,e1

500 2578 666 2642 immolatis
696 2579 829 2643 victimis
860 2578 1077 2664 conjicientes,
1110 2576 1280 2642 sollicitant
1309 2580 1417 2645 Jovem
1444 2605 1515 2647 eau-

500 2696 622 2761 dentem
646 2696 791 2774 fulmine,
817 2719 855 2761 an
879 2697 1016 2781 aliquam
1038 2718 1143 2761 curam
1167 2706 1253 2781 gerat
1276 2698 1436 2765 bominum
1453 2703 1516 2766 uni-

500 2837 550 2878 mo
582 2814 772 2899 cupientium
802 2836 945 2897 maguam
969 2836 1076 2899 capere
1098 2814 1220 2880 laudem
1246 2815 1450 2903 laborumque
1471 2842 1515 2883 re

423 2938 462 3001 10
497 2935 710 3019 spirationem,
742 2947 773 2997 et
804 2933 971 2997 satisfaciat
1000 2934 1135 2998 virorum
1159 2934 1300 3020 precibus
1324 2937 1355 3000 in
1383 2938 1514 3021 gratiam

496 3074 602 3117 eorum
633 3052 773 3137 pietatis:
806 3074 928 3133 verum,
961 3073 981 3114 o
1004 3051 1092 3116 Pisae
1115 3052 1257 3138 pulcrum
1281 3063 1312 3118 et
1335 3054 1511 3119 umbrosum

497 3170 579 3256 apud
610 3169 766 3255 Alpheum
796 3191 922 3247 nemus,
952 3169 1035 3233 bunc
1057 3176 1183 3233 cautum
1206 3178 1239 3233 et
1261 3193 1391 3237 coronae
1413 3182 1512 3258 gesta·

499 3292 613 3356 tionem
636 3290 747 3373 recipe.
793 3287 908 3373 Magna
937 3310 1057 3373 semper
1086 3287 1184 3373 gloria
1212 3298 1276 3367 est,
1300 3290 1327 3353 si
1350 3292 1399 3355 cui
1424 3300 1513 3356 tuum

494 3410 647 3495 contingit
677 3408 794 3472 clarum
828 3409 1014 3493 praemium:
1045 3407 1106 3471 alia
1138 3408 1288 3472 bonorum
1323 3411 1450 3475 veniunt
1473 3410 1513 3476 ad

493 3530 604 3607 alium,
628 3527 805 3610 multaeque
828 3526 894 3589 viae
918 3548 988 3590 eum
1013 3525 1081 3590 Diis
1105 3533 1178 3589 sunt
1201 3526 1366 3591 felicitatis.
1395 3528 1513 3594 'limos-

416 3650 457 3710 20
492 3646 619 3723 thenas,
644 3668 697 3709 vos
721 3644 829 3709 tribuit
853 3666 918 3708 sors
943 3646 1081 3730 proprios
1103 3644 1173 3707 Jovi
1195 3644 1344 3708 natalium
1361 3646 1509 3730 praesidi:

491 3768 544 3850 qui
574 3774 605 3829 te
634 3764 758 3850 quidem
783 3763 918 3829 Nemeae
941 3765 1078 3840 clarum,
1104 3763 1351 3829 Alcimedontem
1375 3787 1446 3830 vero
1471 3765 1511 3829 ad

492 3884 586 3949 Croni
611 3883 721 3949 collem
745 3884 817 3948 fecit
841 3881 1088 3968 Olympionicen.
1129 3882 1205 3947 Erat
1225 3882 1371 3969 adspectu
1388 3883 1509 3969 pulcer,

491 4024 592 4088 neque
628 4024 719 4089 opere
750 4001 859 4066 fallens
891 4001 1022 4085 speciem
1054 4000 1151 4063 victor
1182 4001 1264 4064 luctd
1294 4002 1510 4084 pronunciavit

488 4122 634 4185 marinam
661 4121 809 4205 Aeginam
833 4118 980 4203 patriam:
1006 4117 1061 4182 ubi
1084 4118 1230 4181 servatrix
1256 4116 1400 4198 Themis,
1427 4120 1508 4184 adsi-

411 4243 453 4305 30
488 4240 563 4305 dens
585 4239 655 4304 Jovi
680 4237 844 4325 hospitali,
869 4237 983 4301 colitur
1006 4236 1171 4323 praecipue
1195 4237 1277 4300 iuter
1299 4236 1507 4302 homines.-

486 4358 592 4440 Quum
617 4358 740 4423 difficile
764 4358 821 4435 sit,
849 4364 931 4420 recta
954 4364 1057 4419 mente
1081 4378 1144 4421 non
1168 4356 1343 4440 importune
1363 4356 1506 4421 dirimere

487 4478 583 4557 illud,
608 4478 690 4563 quod
715 4476 848 4541 multum
872 4484 903 4539 et
927 4474 1126 4539 multifariam
1150 4474 1264 4559 vergit,
1289 4474 1338 4539 lex
1355 4474 1506 4559 quaedam
