3725 5542
811 732 851 791 '29

320 932 446 999 inerunt
469 932 595 997 omnino
619 931 657 997 ad
681 930 803 1015 mythos
824 938 961 997 vetustos
981 934 1176 1017 pertinentia
1211 935 1341 1020 Pergen-

319 1052 396 1117 dum
428 1060 535 1137 postea
566 1053 623 1116 erit
653 1050 692 1114 ad
723 1072 773 1115 ees
804 1049 930 1115 Pindari
961 1054 1147 1131 sententias,
1175 1076 1251 1137 quas
1278 1074 1341 1117 non

319 1180 443 1235 vetusta
467 1168 618 1235 narrando
641 1168 871 1254 significaverit,
897 1169 951 1233 sed
971 1170 1010 1234 dc
1024 1170 1235 1256 praesentibus
1250 1171 1342 1236 rebus

319 1290 388 1374 ipse
419 1287 564 1373 judicans
599 1286 783 1373 exposuerit.
837 1285 910 1366 Quo
946 1287 1126 1373 priusquam
1161 1309 1340 1373 pergamus,

318 1428 502 1491 quanquam
538 1428 594 1469 nos
628 1428 691 1469 non
726 1403 852 1469 Pindari
887 1404 1108 1490 mythologiam
1143 1406 1341 1491 exponimus,

319 1536 425 1589 tamen
458 1521 682 1607 interponenda
711 1521 834 1585 ridetur
865 1544 900 1586 ea
931 1522 1095 1599 memoria,
1127 1544 1190 1605 qna
1210 1523 1342 1587 maxime

319 1642 461 1707 Deorum
493 1648 630 1705 vetustas
661 1639 801 1703 videatur
832 1662 901 1703 cum
936 1638 1146 1725 praesentibus
1172 1640 1264 1705 rebus
1287 1640 1344 1705 hu·

319 1759 422 1825 manis
445 1758 595 1844 copulari.

369 1874 435 1941 Nec
456 1897 527 1941 vero
548 1896 637 1960 parce
658 1874 765 1939 heroas
787 1874 899 1939 cecinit
920 1874 1091 1939 Pindarus:
1108 1883 1201 1959 atque
1216 1875 1342 1939 omnino

321 2017 430 2060 eorum
465 1994 612 2077 imagines
648 1994 737 2076 quasi
767 1991 923 2076 quoddam
955 1994 1159 2078 praestantiae
1190 1992 1344 2057 humanae

321 2112 478 2197 exemplar
508 2109 663 2175 exhibent.
710 2110 849 2175 Primum
879 2110 988 2175 laudes
1017 2133 1122 2175 eornm
1153 2112 1343 2197 quampluri·

322 2254 393 2295 mae
421 2230 460 2294 ad
488 2229 578 2295 ludos
605 2240 636 2293 et
665 2230 832 2294 certamina
857 2230 1024 2316 pertinent.
1069 2230 1209 2295 Plurimo
1232 2231 1344 2295 cecinit

325 2349 493 2415 Herculem
522 2347 673 2424 carmine,
705 2358 740 2411 ut
770 2347 953 2412 clarissimos
982 2347 1142 2433 Olympios
1171 2348 1279 2425 ludos,
1309 2358 1346 2414 ut

324 2469 458 2533 maxima
485 2467 564 2531 festa
588 2466 659 2530 Jovi
687 2466 766 2551 patri
795 2466 865 2551 pius
892 2467 1132 2543 consecraverit,
1146 2466 1170 2551 ¹)
1199 2474 1236 2531 ut
1262 2467 1344 2531 olcto

326 2587 512 2673 pulcerrimo
538 2585 640 2649 locum
668 2584 756 2649 illum
780 2584 1080 2668 condecoraverint
1104 2593 1156 2662 ut,
1180 2585 1343 2650 immenso·

326 2728 396 2769 rum
417 2726 543 2791 operum
565 2702 777 2787 magnitudine
793 2703 937 2787 perlecta,
958 2702 990 2767 in
1007 2725 1080 2787 pace
1096 2704 1231 2788 quietem
1249 2704 1345 2768 beatis

327 2824 357 2887 in
381 2822 508 2890 aedibus
531 2830 638 2885 nactus
660 2821 699 2885 sit
719 2842 882 2905 peremne
905 2828 1045 2906 tempus,
1062 2821 1209 2885 eximium
1224 2842 1348 2905 magno

326 2963 395 3005 rum
425 2939 565 3005 laborum
588 2940 775 3024 praemium,
800 2946 831 3002 et
854 2938 976 3003 dulcem
1003 2938 1112 3003 Heben
1136 2940 1310 3025 conjugem.
1323 2938 1347 3023 ³)

324 3057 572 3144 Tyndaridarum
588 3080 658 3122 vero
675 3058 807 3121 maxima
823 3056 967 3122 laudatur
983 3057 1095 3141 gloria:
1113 3058 1226 3141 quibus
1242 3058 1347 3123 abiens

326 3178 359 3241 in
381 3176 500 3241 coelum
522 3174 669 3240 Hercules
688 3174 833 3240 ludorum
853 3175 987 3260 regimen
1004 3173 1141 3237 tradidit.
1154 3179 1178 3257 ⁴)
1201 3173 1347 3260 Pelopem

322 3296 389 3380 jam
418 3294 669 3370 memoravimus,
699 3291 841 3377 Neptuni
869 3300 1027 3377 precatum
1056 3291 1206 3357 auxilinm
1232 3293 1349 3377 cepisse

325 3410 521 3477 Oenomaum
541 3420 572 3475 et
593 3412 741 3496 virginem
763 3411 935 3495 conjugem.
971 3409 1032 3474 Sed
1051 3409 1248 3494 dignissimae
1264 3410 1349 3495 ipsae

326 3530 432 3594 herois
450 3530 609 3593 fortissimi
631 3550 734 3615 preces
754 3536 842 3607 sunt,
860 3550 937 3612 quas
952 3550 1238 3592 commemoremus:
1256 3526 1348 3606 „Duc

325 3670 379 3713 me
402 3647 567 3711 celerrimis
582 3647 731 3711 ,cnrnbus
752 3648 783 3711 in
804 3646 924 3711 Elidem
947 3654 977 3710 et
995 3645 1097 3710 adduc
1117 3645 1156 3710 ad
1176 3646 1348 3710 victoriam:

326 3788 401 3831 nam
426 3764 571 3829 tredecim
595 3764 667 3829 viris
691 3766 791 3849 procis
815 3764 922 3829 occisis
947 3763 1051 3828 differt
1074 3761 1249 3828 Oenomaus
1268 3764 1350 3827 filiae

324 3882 530 3948 connubium.
577 3882 637 3947 Sed
667 3903 814 3967 magnum
844 3881 1017 3967 periculum
1048 3903 1110 3945 non
1139 3881 1222 3966 capit
1251 3881 1351 3946 virum

322 4000 493 4069 imbellem.
533 4001 613 4065 Mori
633 4000 747 4085 quibus
767 4022 890 4065 necesse
911 4009 974 4076 est,
996 4022 1091 4083 qnare
1110 4000 1182 4083 quis
1201 3999 1351 4084 inglorius

321 4128 482 4187 senectam
504 4119 536 4181 in
560 4117 694 4183 tenebris
717 4118 827 4182 sedens
852 4124 1043 4200 concoquat,
1066 4115 1193 4182 laudum
1214 4116 1353 4182 omnium

365 4420 389 4479 1>
414 4419 451 4468 01.
474 4418 630 4483 Lbdeeqq.
698 4417 985 4482 aconensem.
1053 4416 1356 4479 mumulnaseqq.

362 4518 390 4575 4)
412 4513 450 4561 01.
469 4512 523 4562 111.
541 4513 580 4561 64.
