3725 5542
826 753 888 813 669

397 954 434 1018 P.
458 954 521 1017 687
547 950 568 1015 l.
593 952 635 1014 66
660 948 748 1013 (loni.
774 946 885 1012 Aesoh.
910 945 1006 1011 Ohoe.
1033 948 1098 1010 944
1120 948 1285 1027 666Φο764
1311 948 1366 1013 ὑπὸ

355 1071 428 1135 δυοῖν
450 1069 630 1147 μιαστόροιν,
654 1076 686 1130 et
708 1088 786 1151 qnae
809 1064 853 1128 ibi
876 1064 1098 1128 annotavimus.

399 1186 435 1251 P.
459 1186 535 1248 456.
559 1183 579 1247 l.
605 1186 645 1246 61
671 1182 760 1245 Conl.
785 1181 835 1245 Ol.
860 1179 927 1244 XII
951 1182 992 1242 26
1016 1182 1209 1251 6611666666.
1326 1222 1331 1230 ·

401 1300 436 1365 P.
468 1303 531 1364 482
563 1300 585 1363 l.
619 1301 658 1362 16
690 1298 740 1362 Ad
771 1298 811 1362 Il.
844 1296 957 1361 XVIII
986 1298 1050 1360 326
1074 1296 1154 1361 6661.
1179 1296 1366 1375 Aeschines,

357 1419 411 1505 qui
442 1440 478 1481 66
508 1417 575 1501 ipso
604 1415 673 1479 1666
704 1414 823 1493 utitur,
856 1413 924 1477 adv.
956 1412 1169 1492 Timarchum,
1200 1436 1231 1499 p.
1260 1413 1366 1498 Steph.

358 1538 419 1612 26,
443 1540 565 1597 sterent.
592 1534 652 1609 68,
677 1533 730 1595 69.

379 1638 437 1713 P.
470 1650 531 1712 501
564 1647 585 1711 l.
619 1650 660 1710 14
692 1645 807 1710 Eadem
837 1645 1002 1711 traduntur
1032 1667 1049 1708 6
1079 1644 1247 1723 Pausania,
1272 1643 1309 1709 L.
1333 1644 1368 1708 Π

358 1764 393 1829 (l.
418 1764 477 1827 XV
505 1767 532 1828 1.

402 1881 438 1944 P.
462 1884 525 1945 602
550 1881 570 1944 1.
597 1884 613 1946 7
639 1878 728 1943 0661.
753 1877 844 1941 0616.
868 1877 952 1943 Faat.
977 1877 1024 1941 VI
1048 1880 1111 1942 466

358 1998 485 2062 Crassus
508 1998 547 2062 66
570 1997 751 2081 Euphraten
773 1994 909 2078 aquilam
931 2002 1101 2078 natumque
1123 2016 1257 2079 suosque

402 2113 541 2178 Perdidit
564 2124 595 2176 et
616 2112 679 2177 leto
702 2118 748 2177 eat
771 2110 899 2175 ultimus
922 2110 988 2195 ipse
1011 2109 1112 2176 datus.

403 2230 438 2294 P.
464 2229 572 2293 6201.
600 2231 640 2292 18
665 2228 866 2313 Xenophonti
887 2230 908 2291 l.
933 2226 1082 2291 Thessalo

403 2435 532 2499 Codioes
562 2434 785 2519 manuscriptos
812 2456 868 2499 neo
890 2435 957 2518 ipae
981 2436 1117 2499 conferre
1140 2436 1245 2521 potui,
1269 2458 1369 2521 neque

359 2552 451 2615 etiam
474 2572 510 2614 er
533 2550 684 2615 editorum
707 2550 890 2615 testimoniis
908 2550 1010 2615 adhno
1024 2552 1070 2615 ita
1085 2558 1224 2617 aoourate
1241 2573 1368 2637 eognos-

358 2690 441 2744 oere‚
477 2675 514 2731 ut
544 2673 732 2751 optaveram,
770 2688 826 2731 666
854 2690 934 2751 quae
964 2668 1005 2732 sit
1043 2668 1173 2753 singolis
1203 2671 1370 2735 auctoritas

359 2782 530 2848 tribuenda.
568 2780 684 2848 Veram
707 2784 740 2847 in
763 2784 962 2848 annotatione
978 2784 1083 2848 critica
1103 2785 1192 2849 etiam
1211 2808 1285 2851 usus
1301 2808 1371 2850 sum

360 2899 530 2964 Ahlwardti
552 2900 734 2964 testimoniis
749 2900 788 2964 de
803 2898 970 2965 (lodicibus
990 2902 1206 2987 manuscriptis
1228 2902 1372 2987 Neapoli·

359 3018 455 3081 tanis:
483 3023 669 3081 memoratur
691 3024 794 3082 antem
825 3018 857 3081 in
881 3017 1016 3083 editione
1039 3018 1165 3083 Pindari
1189 3019 1373 3084 Disseniana

359 3134 472 3209 altera,
497 3153 515 3195 a
537 3130 768 3196 Schneidewino
790 3141 911 3212 curata,
935 3134 1007 3198 1161.
1031 3134 1049 3199 Ι
1072 3158 1141 3220 pag.
1165 3134 1259 3213 0111,
1280 3136 1373 3201 Liber

360 3248 473 3313 Freesii
488 3250 527 3314 66
542 3248 631 3314 codd.
648 3248 775 3314 Pindari
792 3248 1023 3336 Neapolitanis,
1040 3251 1196 3337 Stargardi
1215 3255 1317 3317 1835:
1342 3258 1375 3317 et

360 3366 546 3449 patefactum
570 3387 635 3429 esse
657 3366 787 3443 dicitnr,
811 3365 883 3429 illos
906 3366 1027 3431 oodioes
1052 3368 1089 3432 ab
1113 3368 1291 3433 Ahlwardto
1307 3370 1374 3453 ipso

360 3483 506 3547 oonfiotos
536 3504 612 3547 esse.
658 3484 701 3545 At
731 3481 872 3567 equidem
907 3482 963 3546 illo
995 3482 1108 3548 Praesii
1135 3484 1213 3550 libro
1235 3485 1374 3551 nondum

360 3600 407 3663 uti
430 3599 528 3683 potui.

405 3715 493 3797 Quae
523 3715 591 3781 loca
620 3716 805 3801 scriptorum
838 3714 871 3779 iu
895 3717 1113 3781 commentario
1137 3717 1245 3806 attuli,
1270 3739 1374 3782 eornm

362 3835 474 3920 partim
498 3856 546 3898 me
567 3832 678 3897 debere
701 3830 873 3919 editoribus
893 3838 925 3895 et
941 3833 1232 3899 commentatoribus
1248 3834 1375 3900 Pindari

361 3958 392 4013 at
424 3948 562 4025 Lexiois,
597 3948 686 4012 laeile
721 3947 924 4032 intelligitur:
960 3970 1015 4013 666
1049 3956 1151 4014 tamen
1184 3950 1246 4014 lere
1278 3950 1375 4034 adjeei

360 4066 486 4129 nomina
515 4064 564 4129 661
586 4062 719 4148 Heynii,
742 4063 792 4127 661
814 4062 983 4140 Boeokhii,
1008 4064 1055 4128 661
1077 4065 1205 4141 Talelii,
1229 4065 1277 4129 661
1301 4065 1376 4129 alio-

360 4205 445 4246 rum:
470 4181 674 4266 nequeenim
698 4179 728 4243 id
753 4180 801 4244 661
824 4179 862 4244 ad
886 4179 1011 4245 illorum
1027 4180 1152 4245 laudem
1167 4183 1372 4247 necessarium

361 4299 409 4364 661
439 4298 477 4362 ad
508 4298 636 4363 Pindari
666 4294 901 4379 intelligentiam
931 4297 1009 4361 utile
1038 4297 1115 4362 mihi
1137 4298 1316 4377 videbatur,
1340 4300 1373 4364 in

360 4415 515 4481 volamine
534 4416 599 4499 jam
621 4414 696 4477 satis
718 4433 840 4495 magno.

776 4530 958 4561 ..ou-
