3725 5542
832 735 850 793 9

375 933 447 996 Alio
471 934 538 997 loco
561 932 665 1015 attigit
688 930 840 995 Pindarus
864 942 895 994 et
919 931 1115 1006 memoravit,
1140 930 1221 1012 quod
1247 929 1348 992 fuerat

327 1051 522 1117 sermonibus
558 1058 758 1135 usurpatum,
791 1048 957 1112 Herculem
989 1048 1133 1111 adversus
1165 1046 1348 1131 Neptunum

327 1169 447 1233 clavam
470 1168 623 1251 quassisse
646 1167 805 1252 manibus,
825 1188 924 1249 quum
944 1166 1024 1229 circa
1042 1165 1153 1249 Pylum
1173 1173 1257 1228 stans
1278 1185 1349 1227 eum

327 1286 547 1371 aggrederetur
566 1282 748 1369 Neptunus,
769 1282 987 1368 aggrederetur
1006 1283 1097 1347 etiam
1115 1289 1259 1367 argenteo
1275 1304 1349 1345 arcu

327 1425 472 1489 pugnans
503 1401 634 1486 Apollo,
665 1423 721 1465 nee
752 1399 844 1464 Pluto
874 1400 1033 1464 immotam
1063 1407 1181 1463 teneret
1211 1399 1346 1482 virgam,

330 1544 394 1607 qua
417 1520 543 1585 deducit
565 1522 598 1585 in
621 1542 724 1583 cavam
744 1520 826 1583 uiam
846 1518 981 1583 humana
1000 1538 1127 1604 corpora
1146 1526 1350 1581 mortuorum.

213 1702 218 1715 ,
330 1639 392 1703 Sed
423 1646 545 1702 revocat
571 1660 604 1702 se
630 1638 777 1701 continuo
802 1644 832 1700 et
855 1636 1023 1700 exclamat:
1047 1634 1183 1720 ‚,abjice,
1208 1657 1227 1697 o
1248 1655 1351 1697 meum

330 1780 382 1834 os,
403 1778 573 1819 sermonem
590 1754 704 1832 istum,
726 1754 979 1837 quandoquidem
999 1752 1181 1818 maledicere
1199 1752 1268 1815 Diis
1288 1751 1353 1815 odi·

331 1896 387 1937 osa
416 1872 565 1957 sapientia
596 1879 643 1935 eat
666 1881 698 1935 et
716 1872 844 1956 jactatio
868 1871 1081 1955 intempestiva
1103 1877 1251 1933 consonat
1273 1868 1353 1932 irisa-

331 1992 411 2054 niac.
457 1988 507 2053 Ne
536 2012 620 2053 nunc
651 1989 793 2073 nugeris,
827 2011 906 2073 quae
936 1988 999 2052 sint
1030 1986 1200 2072 ejusmodi:
1225 1987 1352 2071 sejunge

332 2108 448 2172 bellum
471 2128 670 2191 pugnamque
693 2128 815 2169 omnem
839 2105 877 2170 ab
901 2103 1159 2168 immortalibus.”
1174 2105 1197 2187 ¹)
1237 2102 1352 2167 Fuerat

332 2232 435 2288 autern
470 2224 637 2299 traditum,
672 2221 770 2285 eidem
805 2222 921 2307 proelio
956 2221 1132 2285 interfuisse
1163 2219 1351 2296 Minervam,

331 2342 514 2426 adjutricem
546 2339 695 2417 Herculi;
712 2342 736 2425 2)
765 2361 837 2424 ergo
861 2340 957 2403 fuisse
976 2340 1060 2403 inter
1083 2339 1166 2422 ipsos
1189 2338 1270 2402 Deos
1293 2360 1356 2401 cer·

331 2475 449 2523 tamen:
471 2458 645 2543 cujusmodi
664 2458 866 2522 certaminum
888 2456 998 2541 plenus
1018 2456 1173 2520 Homerus
1194 2464 1255 2532 est,
1272 2454 1355 2540 pleni

331 2582 439 2660 poetae
458 2574 583 2659 reliqui:
605 2574 659 2638 sed
679 2573 808 2658 indigna
827 2574 894 2638 Diis
907 2574 1029 2659 judicat
1044 2572 1206 2637 Pindarus.
1237 2572 1354 2636 Verum

331 2694 400 2777 ejus
419 2692 530 2776 judieii
554 2714 646 2755 eausa
669 2692 762 2756 simul
785 2692 844 2755 hoc
868 2692 937 2755 loeo
959 2692 1162 2776 intellig'tur‚
1187 2691 1302 2774 pariter
1319 2690 1353 2753 in

330 2809 516 2875 verecundia
539 2824 569 2873 et
590 2810 739 2874 modestia
759 2810 873 2894 posita:
895 2810 1033 2873 odiosam
1053 2809 1232 2894 sapientiam
1254 2830 1350 2891 quum

331 2926 432 3005 dicat,
457 2928 483 2991 si
507 2928 576 3011 quis
599 2927 668 2992 Diis
690 2926 870 3004 maledicat,
895 2927 1064 3012 sapientiae
1086 2926 1277 2990 affectatione
1301 2948 1352 2989 su·

332 3043 427 3128 perba
455 3044 487 3108 id
515 3044 580 3108 fieri
603 3044 699 3108 solere
723 3044 857 3108 ostendit
881 3052 912 3108 et
935 3044 1080 3108 efferendi
1103 3067 1136 3108 se
1158 3043 1281 3122 studio,
1306 3043 1351 3108 id-

332 3163 414 3225 circo
440 3162 531 3226 etiam
554 3162 800 3247 intempestivam
817 3162 1015 3247 jactationem
1036 3161 1211 3246 appellans,
1231 3167 1352 3241 καυχᾶ·

330 3281 398 3343 σθαι
434 3280 516 3357 παρὰ
550 3280 662 3360 mpla:
697 3278 797 3343 dicere
831 3288 952 3356 antem,
989 3278 1172 3355 Herculem,
1211 3279 1352 3361 quamvis

332 3396 534 3459 fortissimum
565 3396 665 3460 virum
697 3406 729 3460 et
759 3396 882 3460 heroem
910 3396 1225 3480 praestantissimum,
1250 3404 1353 3459 tamen

332 3512 470 3576 humano
501 3514 652 3597 sanguine
683 3521 818 3591 cretum,
843 3513 911 3577 Diis
935 3535 1039 3597 parem
1062 3513 1157 3576 luisse
1179 3514 1213 3576 iu
1236 3513 1354 3598 proelio

332 3639 363 3693 et
388 3629 534 3693 adversus
557 3652 608 3694 eos
632 3630 748 3694 elavem
772 3639 897 3715 quatere
922 3630 1076 3716 potuisse,
1098 3630 1156 3694 hoc
1175 3630 1244 3694 Diis
1262 3631 1354 3695 male·

332 3746 435 3811 dicere
458 3754 522 3811 erat
545 3755 576 3811 et
598 3748 754 3812 hominem
777 3748 954 3813 dedecebat.

377 3864 527 3950 Exempla
549 3866 624 3930 haec
647 3866 710 3930 duo
735 3867 938 3952 protulimus,
963 3867 994 3931 in
1018 3865 1132 3951 quibus
1156 3865 1254 3950 digito
1274 3888 1354 3929 ccm-

330 3983 566 4049 monstrandum
597 3984 724 4049 Pindari
755 3986 895 4049 studium
919 3993 985 4050 erat
1007 3985 1176 4049 sententiae
1199 3984 1352 4061 melioris,

329 4272 384 4318 reta
408 4272 460 4328 ert,
484 4269 531 4319 alio
555 4270 609 4319 loeo
633 4270 774 4321 referemus.
809 4272 924 4322 Ceterum
948 4272 1047 4321 Pindari
1069 4272 1213 4321 sentemiem
1236 4270 1354 4336 expressit

330 4362 475 4427 Euripides,
493 4364 573 4429 Iphip.
589 4363 617 4412 in
637 4366 709 4415 Taer.
727 4365 783 4415 886.

365 4458 389 4519 l)
408 4458 446 4506 Ol.
463 4458 511 4507 ΙΙ.
530 4460 561 4507 54
577 4474 640 4523 seqq.
708 4458 732 4520 2)
750 4460 821 4510 Cori.
837 4461 961 4510 aaronita
977 4465 1059 4511 nostra
1075 4461 1165 4511 adol.
1183 4460 1224 4509 ΙΧ
1245 4460 1287 4509 48.
1338 4510 1342 4518 ,
