3725 5542
857 715 921 777 366

392 914 480 981 Certe
503 916 563 981 alio
586 940 677 982 sensu
700 916 823 1002 Jupiter
845 938 915 981 eum
937 915 1099 981 honoravit
1124 924 1217 1001 atque
1233 916 1395 983 Hercules:

391 1042 422 1098 et
452 1042 552 1101 tamen
583 1037 728 1126 sanctitas
759 1036 882 1121 augusti
912 1032 1017 1099 Fluvii
1044 1042 1124 1100 certe
1147 1036 1394 1116 inaccrescit,

391 1175 445 1217 our
467 1153 505 1218 ab
527 1154 604 1233 Jove
627 1177 713 1219 carus
736 1154 900 1219 haberetur
922 1176 957 1218 ac
980 1152 1169 1238 diligeretur.

437 1275 489 1337 42.
524 1274 631 1340 Ἰδαῖοι.
664 1274 701 1338 In
732 1273 856 1338 scholiis
887 1273 1015 1337 refertur
1040 1272 1078 1336 ad
1101 1272 1188 1337 Idam
1213 1270 1335 1351 Cretae,
1360 1281 1396 1337 ut

392 1400 438 1457 eet
461 1392 543 1477 apud
566 1388 806 1471 Callimachum,
831 1392 945 1477 Hymn.
968 1392 1000 1455 in
1024 1390 1148 1469 Iovem,
1175 1394 1193 1454 6

502 1516 559 1577 Ζεῦ
588 1512 620 1577 σὲ
642 1512 696 1591 μὲν
718 1512 855 1577 ntehac
877 1512 906 1576 ἕν
928 1510 1022 1588 οὔρεσι
1042 1520 1119 1594 Φοιοι
1142 1506 1282 1608 riviriae.

392 1630 435 1692 nt
465 1652 562 1694 unum
590 1629 727 1695 scholion
759 1638 845 1695 vetus
875 1629 958 1715 apud
981 1628 1170 1693 Boeclrhium
1194 1651 1231 1693 ex
1254 1628 1340 1693 Urat.
1366 1632 1393 1692 A
1434 1724 1441 1736 .

392 1768 537 1833 perquam
567 1749 762 1814 memorabile
792 1758 852 1815 est:
882 1751 983 1815 Ἰδοιῖον
1008 1748 1106 1829 ἄντρον
1130 1752 1158 1814 ἒν
1176 1749 1287 1815 Ἤλιδι.
1336 1761 1395 1824 Aa·

391 1869 507 1949 μήτριος
529 1870 543 1934 d
565 1870 694 1949 Σκήψιος
716 1869 759 1953 (in
779 1868 858 1933 libro
876 1870 1016 1952 οκοιῆψις)
1032 1867 1098 1933 νέοι
1113 1866 1299 1951 (Boeclrhius
1315 1869 1395 1951 νεὼν,

392 1991 424 2048 at
450 1986 483 2049 in
511 1985 700 2052 Praelatione
731 2010 760 2073 p.
784 1986 881 2051 XXII
903 1986 992 2051 aliter
1014 1984 1151 2071 disponit
1173 1995 1204 2050 et
1226 1985 1295 2050 vult
1316 1989 1396 2069 νεῶν)

392 2103 547 2183 διακόσμου
577 2107 647 2187 ἱερὸν
677 2112 755 2178 Διός.
790 2108 852 2171 ἔνιοι
874 2106 904 2169 δὲ
926 2104 1085 2186 νομίζοντες
1107 2106 1149 2182 μὴ
1171 2111 1227 2169 τῶν
1249 2105 1293 2189 (in
1316 2104 1394 2169 libro

392 2226 470 2307 τοῖς)
500 2223 644 2291 ἔιἬλιδι
671 2226 781 2305 χοιρίων
803 2224 890 2291 αὐτὸν
912 2226 1092 2307 μεμνῆσθαι,
1117 2223 1266 2301 ὑπέλαβον
1289 2248 1397 2301 μνημο-

392 2340 479 2406 νεύειν
496 2342 574 2415 hanc
596 2352 649 2418 τῆς
672 2344 701 2408 ἐι
723 2345 817 2424 Κρήτῃ
839 2344 856 2419 ἢ
878 2352 930 2419 τῆς
949 2343 979 2407 ἐν
992 2343 1091 2425 Τροίᾳ.
1114 2341 1185 2407 οὕτω
1201 2343 1280 2407 Θέων
1294 2340 1394 2426 φησίν.

358 2524 360 2529 ,
393 2458 465 2524 Νοιι
496 2461 569 2525 satis
600 2459 723 2545 quidem
751 2460 874 2547 singula
896 2460 988 2546 hujus
1012 2460 1121 2525 scholii
1144 2459 1287 2525 videntur
1310 2482 1397 2544 posse

393 2578 539 2663 intelligi:
572 2579 603 2643 id
635 2588 738 2645 tamen
769 2588 912 2666 apparet,
944 2580 1038 2644 luisse
1069 2587 1221 2645 vetustam
1244 2579 1281 2643 de
1303 2578 1397 2643 Idaeo

393 2708 480 2762 antro
509 2697 638 2784 Jovique
669 2722 753 2764 sacro
777 2700 808 2764 iu
832 2698 921 2764 Elide
944 2699 1149 2763 traditionem.
1168 2700 1192 2784 ¹)
1238 2702 1341 2783 Atque
1364 2699 1396 2763 id

393 2826 472 2881 certe
503 2819 645 2883 convenit
674 2819 746 2883 huic
778 2818 862 2897 loco,
881 2828 965 2904 'post
995 2816 1101 2885 Oronii
1131 2817 1338 2882 laudationem
1366 2826 1398 2882 et

392 2935 515 3020 Alphei.
560 2936 617 3015 ut,
642 2959 825 3023 quamquam
849 2935 1001 3001 Pindarus
1024 2935 1148 3021 quidem
1168 2935 1394 3000 institutionem

394 3053 604 3140 Olympiorum
628 3055 738 3121 tribuit
761 3054 888 3120 Herculi
909 3054 995 3121 Jovis
1019 3062 1050 3120 et
1065 3054 1228 3119 Alcmenae
1243 3055 1324 3134 filio,
1341 3056 1395 3140 qui

394 3171 445 3237 Ol.
476 3171 528 3237 HI
559 3176 601 3236 26
624 3172 895 3256 Ἀμφιτροιοοιοὶδοος
919 3173 1107 3261 appellatur,
1132 3172 1182 3238 Ol.
1206 3172 1235 3237 X
1262 3176 1302 3236 52
1327 3173 1395 3245 Διὸς

394 3290 519 3369 ἄλκιμος
550 3293 624 3371 υἱὸς,
658 3303 756 3359 tamen
790 3316 935 3380 perquam
958 3293 1115 3379 probabile
1138 3294 1296 3372 existimo,
1326 3315 1397 3358 cum

394 3410 557 3475 traditione
590 3411 627 3477 de
661 3423 748 3477 antro
784 3435 868 3477 sacro
897 3412 993 3477 Idaeo
1023 3414 1055 3478 in
1083 3412 1173 3477 Elide
1203 3415 1396 3498 conjunctam

394 3528 486 3593 luisse
510 3552 575 3593 eam
598 3530 635 3594 de
659 3529 793 3595 Hercule
815 3530 909 3595 Idaeo
932 3532 1126 3608 memoriam,
1151 3552 1229 3615 quae
1251 3537 1297 3595 est
1314 3530 1397 3616 apud

393 3646 572 3713 Strabonem
602 3657 633 3714 et
662 3648 855 3714 Pausaniam.
902 3648 982 3713 Nam
1012 3649 1094 3735 apud
1117 3649 1335 3735 Gaographnm
1357 3649 1397 3713 le·

394 3767 511 3851 gimrn,
540 3765 577 3831 L.
601 3765 683 3832 VIII
709 3790 739 3853 p.
764 3770 845 3833 355:
870 3771 958 3833 εὀἳοοιι
980 3768 1040 3850 γὰρ
1062 3769 1107 3833 δεῖ
1126 3769 1166 3833 τοὶ
1190 3769 1323 3851 named,
1348 3769 1397 3833 xci

393 3886 456 3968 napi
479 3895 533 3962 τῆς
555 3887 673 3959 κτίσεως
695 3894 747 3954 τοῦ
770 3888 842 3968 ἱεροῦ
864 3888 913 3954 καὶ
938 3889 1000 3969 περὶ
1021 3897 1073 3962 τῆς
1088 3887 1187 3959 θέσεως
1202 3894 1254 3954 τοῦ
1268 3890 1396 3966 ἀγῶνος·

394 4010 448 4069 τῶν
478 4004 532 4082 μὲν
553 4003 604 4069 iac
626 4012 682 4069 τῶν
704 4005 813 4071 'Idaion
836 4006 987 4071 δακτύλιοι
1011 4008 1158 4087 Ἡρακλέα
1180 4006 1326 4084 λεγόντων
1347 4007 1396 4087 οἱο-

393 4122 526 4203 mrtem
548 4123 672 4200 τούτων,
696 4130 752 4189 τῶν
775 4126 805 4190 δὲ
826 4124 875 4190 τοι
895 4126 1062 4204 'mantne
1076 4125 1126 4189 καὶ
1143 4124 1222 4197 Διός.
1257 4124 1299 4188 Ilt
1314 4124 1397 4210 apud

429 4326 454 4386 l)
469 4324 619 4373 Demetrium
645 4324 767 4389 Scepsium
791 4338 860 4389 caepe
882 4324 969 4375 Strabo
993 4328 1120 4375 memorat:
1139 4292 1210 4373 vvelot
1225 4323 1253 4374 Ia.
1270 4323 1291 4373 x
1308 4339 1332 4387 p.
1349 4323 1398 4375 ⁴72

395 4418 446 4483 cjur
473 4420 502 4469 de
527 4420 569 4470 lde
594 4419 680 4470 motu
705 4426 729 4469 ot
752 4420 781 4468 de
807 4420 848 4469 Ida
871 4420 966 4469 Cretica
982 4420 1141 4470 mentionem:
1158 4419 1185 4468 1..
1203 4419 1223 4468 x
1241 4436 1264 4483 p.
1283 4418 1332 4467 ⁵⁶2
1348 4418 1399 4482 ejus

394 4520 489 4584 Τρωικὸν
505 4517 630 4580 διάκοσμον.
