3725 5542
823 670 886 731 503

346 872 472 937 tinctio:
497 892 554 934 nec
576 869 660 954 qood
683 890 767 933 nunc
778 868 887 934 Ἄλτιν
902 868 995 946 dicit,
1012 869 1094 935 idem
1110 881 1156 935 es't
1172 871 1254 957 qood
1272 874 1363 938 modo

345 990 424 1054 dixit
445 987 552 1059 ύιισσςι
576 998 681 1051 rerum
702 984 794 1057 σὀλσος
820 994 867 1050 est
889 984 975 1049 locus
991 988 1169 1067 universus,
1187 1011 1277 1073 quem
1293 989 1363 1054 Jovi

346 1106 494 1171 Hercules
532 1104 736 1169 consecravit:
775 1104 808 1167 in
842 1103 902 1167 hoe
939 1104 1008 1167 lo'co
1043 1090 1217 1171 detminavit
1253 1108 1361 1172 Altin:

344 1226 499 1310 reliquum
530 1244 601 1313 vero
632 1234 789 1306 campum,
821 1222 876 1305 qui
904 1221 1028 1305 quidem
1051 1231 1131 1286 esset
1154 1225 1231 1287 sacri
1255 1222 1363 1297 ύλσεος

344 1366 430 1429 para,
455 1343 570 1405 circum
594 1339 682 1404 Altiu
705 1340 780 1416 sita,
806 1338 905 1403 voluit
921 1355 986 1402 esse
1002 1338 1218 1404 deversorium.
1255 1341 1361 1425 Atque

343 1460 413 1525 ideo
446 1458 600 1523 Pindarus
635 1466 798 1542 postquam
829 1457 964 1540 primum
997 1456 1075 1520 dixit
1105 1456 1143 1520 de
1175 1460 1269 1521 totins
1304 1458 1363 1522 loci

343 1575 585 1652 consecratione,
610 1574 759 1657 reliquam
783 1574 951 1636 orationem
972 1572 1077 1637 divisit
1093 1574 1362 1658 conjunctionibus

341 1696 396 1772 aa
417 1702 448 1758 et
470 1692 509 1759 δέ.
546 1687 781 1757 Consecratiorie
804 1699 907 1755 autem·
922 1690 1088 1755 Herculem
1106 1692 1198 1756 etiam
1214 1690 1361 1756 Cronium

341 1820 371 1876 et
406 1811 507 1875 locum
540 1810 660 1895 Alpheo
692 1809 750 1895 ipsi
780 1809 917 1893 proxime
948 1808 1138 1893 adjacentem
1169 1810 1363 1894 complexum

342 1929 439 1994 fuisse
461 1927 590 2011 conjicio
614 1929 631 1990 ὸ
654 1948 703 1989 vas
729 1928 870 1989 58-60.

388 2047 440 2110 57.
476 2044 509 2108 τδ
532 2045 630 2123 κύκλῴ
654 2044 747 2108 ullor.
783 2042 927 2125 Xenoph.
953 2042 1052 2106 Anah.
1078 2041 1114 2105 L.
1140 2041 1168 2104 V
1192 2041 1226 2105 Ο.
1252 2040 1298 2106 Vl
1316 2044 1361 2105 δύ’

340 2171 392 2237 τῆς
415 2162 511 2242 κύκλῳ
532 2161 643 2241 κύσα.

271 2291 275 2297 ’
388 2281 439 2343 57.
475 2279 575 2359 δόρπου
609 2278 701 2342 λύσιν.
738 2274 795 2339 use
829 2276 953 2359 quidem
988 2294 1100 2339 coenae
1135 2275 1358 2341 deversorium:

341 2415 446 2461 verum
466 2413 576 2460 coenae
601 2393 750 2458 vocabulo
773 2414 894 2457 omnem
919 2393 990 2456 festi
1013 2391 1202 2457 hilaritatem
1222 2396 1358 2457 certami-

341 2513 432 2578 nibus
467 2512 715 2595 carminibusque
750 2510 922 2595 conjunctis
955 2510 1120 2593 significari
1151 2510 1241 2575 oredo
1274 2534 1357 2590 eam,

341 2652 419 2715 quae
449 2652 498 2693 vsa
533 2630 662 2693 70-93
695 2628 867 2712 exponitur.
914 2625 1011 2699 Λύσις
1032 2649 1048 2689 a
1072 2628 1243 2692 scholiastis
1268 2630 1360 2714 expli·

340 2755 427 2812 cetur
461 2747 689 2824 κασαλυτύρισι,
721 2744 926 2821 καταγώγιον,
960 2742 1184 2825 deversorium:
1217 2754 1248 2809 ei
1278 2754 1359 2811 recle

339 2864 482 2928 omnino:
513 2884 570 2927 nec
601 2872 702 2925 tamen
734 2861 826 2938 alibi,
851 2867 1005 2943 quantum
1028 2862 1108 2939 scio,
1134 2884 1169 2926 ea
1191 2863 1285 2947 hujus
1309 2873 1359 2926 vo·

340 2980 443 3046 cabuli
472 2981 655 3064 significatio
685 2987 749 3055 est,
782 2977 835 3041 sed
858 2978 1041 3049 κατύλοσιςι
1067 2979 1151 3043 velut
1174 2978 1283 3065 Enrip.
1307 2980 1356 3045 ul.

341 3100 405 3161 392
436 3088 570 3173 δεξύμεύ
596 3095 675 3160 οἴκοιο
698 3094 897 3170 καταλύσεις,
921 3095 1001 3159 Plai.
1026 3096 1074 3161 De
1097 3096 1193 3181 Legg.
1219 3097 1267 3161 XI
1291 3098 1359 3161 919Ι
1469 3162 1472 3170 ,

342 3236 359 3277 a
381 3214 581 3279 καταλύσεσιν
603 3214 768 3289 ύγαπιισύς
792 3212 966 3292 δεχόμενος,
992 3219 1022 3276 et
1045 3218 1198 3297 persaepe.

386 3332 438 3394 58.
473 3333 614 3410 Ἀλφεοῦ.
650 3329 804 3414 Alpheum
822 3330 937 3413 recepit
952 3329 984 3392 in
1000 3328 1069 3393 Diis
1086 3328 1264 3407 duodecim,
1278 3351 1356 3415 quos

338 3448 500 3513 honoravit
523 3448 599 3511 aris:
622 3447 741 3524 βιομσὺς
764 3443 799 3521 ἓξ
820 3446 952 3523 διδύμους
975 3444 1126 3511 Pindarus
1149 3447 1284 3531 appellat
1304 3447 1354 3512 Ol.

339 3568 367 3628 V
395 3570 452 3643 10,
477 3566 581 3650 ibique
605 3588 621 3629 e
645 3572 745 3628 vetere
768 3563 885 3628 scholio
908 3565 1035 3628 nomina
1053 3564 1189 3629 Deorum
1205 3566 1356 3629 recensui·

338 3704 423 3748 mua:
456 3690 487 3746 et
514 3682 626 3766 Alphei
649 3680 774 3764 quidem
798 3680 901 3744 cultus
925 3692 995 3744 cum'
1021 3681 1187 3746 Artemidis
1212 3705 1262 3746 ara
1285 3704 1355 3746 cou-
1416 3758 1422 3775 ἱ

334 3804 462 3886 junctus
477 3800 545 3864 luit.
578 3800 746 3864 Pausanias
762 3806 981 3863 commemorat
997 3799 1109 3884 Alphei
1120 3800 1152 3863 in
1167 3798 1355 3864 Artemidem

337 3938 489 3995 amorem,
516 3916 553 3982 L.
582 3916 629 3980 VI
658 3917 692 3980 0.
724 3916 821 3981 XXII
851 3919 889 3981 5:
920 3917 1109 4000 eandemque
1138 3940 1201 3982 rem
1231 3920 1356 4002 attingit

336 4035 373 4099 Ιο,
397 4034 426 4095 V
456 4035 491 4098 Ο.
520 4032 598 4097 XIV
623 4036 660 4112 5,
686 4035 850 4120 respiciens
874 4056 947 4098 sane
970 4033 1097 4099 Pindari
1121 4058 1242 4100 carmen
1265 4036 1354 4100 nobis

336 4152 547 4238 deperditum:
573 4153 706 4234 Ἀλφειῷ
729 4153 778 4216 καὶ
803 4153 950 4230 Ἀρτέμιδι
971 4151 1079 4218 θύουσιν
1095 4154 1142 4217 ἐπὶ
1159 4154 1217 4224 ἓνδς
1233 4154 1353 4229 βωμοῦ,

335 4273 368 4337 rb
398 4273 427 4335 δὲ
457 4270 547 4335 olrico
577 4271 680 4335 τούτου
709 4269 894 4349 coreliano}
918 4291 973 4335 που
998 4272 1047 4335 καὶ
1072 4256 1209 4350 Πίνδαρος
1232 4273 1261 4335 ἕο
1285 4270 1351 4353 ᾠδῇ.

336 4391 384 4454 De
407 4390 573 4455 fluuiorum
589 4388 705 4453 honore
718 4389 897 4474 scripsimus
912 4388 952 4453 ad
969 4388 1019 4453 01.
1037 4386 1080 4465 V,
1097 4410 1166 4473 pag.
1185 4390 1248 4451 352
1267 4410 1351 4473 seqq.
