3725 5542
825 731 889 790 405

354 926 403 990 sal
424 926 621 1007 comptum.
656 926 763 1012 Pelop.
788 930 840 990 84.
879 925 1020 1006 Quorum
1042 926 1236 1012 singulorum
1251 935 1368 992 statuas

353 1042 515 1127 Olympiae
545 1041 714 1107 Pausanias
744 1043 832 1106 vidit.
880 1045 984 1128 Atque
1016 1043 1104 1107 illum
1128 1042 1290 1128 Olympiae
1314 1067 1367 1128 per

353 1159 583 1224 multitudinem
607 1182 627 1223 a
647 1159 720 1225 filiis
743 1159 911 1224 victoribus
935 1167 1089 1245 portatum
1115 1167 1146 1224 et
1172 1159 1209 1225 sb
1225 1162 1375 1231 uniuerso¹

353 1277 499 1341 Graeciae
521 1285 611 1341 coetu
635 1277 763 1342 floribus
786 1278 932 1361 conjectis
956 1276 1178 1361 persalutatum
1203 1299 1267 1341 esse
1287 1279 1367 1342 fama

353 1401 409 1457 eet.
456 1393 499 1458 Et
529 1396 657 1460 accessit
680 1395 719 1458 ad
741 1394 830 1459 illum
853 1394 937 1459 Laco
961 1402 992 1459 et
1014 1394 1207 1478 gratulatus:
1233 1418 1368 1474 morere,

355 1511 476 1595 inquit,
508 1511 660 1595 Diagora,
692 1533 755 1576 non
783 1512 864 1575 enim
893 1512 926 1576 in
956 1511 1077 1576 coelum
1101 1511 1304 1578 adscensurus
1328 1535 1369 1576 es.

355 1628 457 1693 Sobel.
487 1628 526 1693 ad
549 1630 581 1693 b.
606 1628 626 1692 l.
651 1627 715 1693 cie.
740 1628 831 1692 Tusc.
856 1628 873 1692 Ι
898 1631 958 1707 46,
983 1628 1074 1693 Paua.
1099 1629 1120 1692 l.
1144 1628 1185 1706 l.,
1210 1629 1292 1694 Plut.
1317 1629 1372 1693 Pe-

356 1747 419 1831 lop.
444 1749 498 1810 84.
545 1745 645 1810 Aliter
668 1744 807 1824 Gellius,
831 1746 864 1810 in
887 1747 1005 1824 stadio,
1031 1747 1222 1831 inspectante
1241 1747 1370 1832 populo,

355 1864 387 1927 in
419 1863 532 1928 osculis
564 1870 656 1946 atque
685 1864 717 1927 iu
741 1863 884 1928 manibus
907 1864 1041 1928 filiorum
1065 1865 1198 1928 animam
1222 1863 1369 1928 efflavisse

355 1987 474 2046 narrat:
498 1979 591 2045 Noct.
616 1982 682 2044 Att.
705 1979 743 2044 L.
767 1980 821 2044 ΠΙ
844 1980 879 2044 (1.
906 1985 958 2045 15.
995 1980 1075 2044 Pilia
1098 1982 1164 2066 ejus
1188 1981 1271 2065 apud
1294 1980 1371 2045 Pau-

355 2099 472 2161 saniam
506 2104 538 2160 et
570 2097 604 2161 in
640 2096 735 2161 schol.
769 2097 858 2162 Uret.
890 2099 919 2162 Δ
951 2096 1148 2182 Gallipatira,
1178 2099 1210 2161 in
1241 2097 1371 2181 reliquis

356 2212 497 2292 scholiis,
529 2222 679 2298 quantum
711 2213 792 2292 scio,
821 2214 1028 2299 Aristopatira
1051 2213 1241 2298 appellstnr3
1266 2237 1372 2280 secun·

356 2331 431 2396 dum
465 2331 647 2396 Pausaniam
682 2353 718 2395 ea
747 2331 879 2396 Eucleos
909 2339 1023 2409 mater,
1055 2331 1226 2396 secundum
1255 2333 1371 2396 scholia

356 2455 453 2513 mater
467 2447 631 2513 Pisirrothi
645 2449 715 2512 fuit.
751 2449 836 2513 Huic
855 2448 1053 2534 Callipstirae
1069 2455 1193 2533 propter
1208 2457 1256 2512 tot
1270 2449 1370 2533 gentis

356 2589 482 2631 coronas
514 2565 732 2631 Hellanodicas
762 2567 882 2631 aditum
913 2567 955 2634 ad
977 2567 1069 2632 ludos
1093 2566 1276 2652 spectandos
1301 2589 1371 2631 con-

356 2687 482 2750 cessisse
505 2685 596 2750 etiam
619 2685 701 2750 lama
723 2686 794 2750 fuit.
819 2683 922 2748 Schol.

400 2801 504 2886 Ipsius
535 2823 657 2886 quoque
688 2801 839 2886 Diagorae
870 2808 972 2864 statua
1003 2799 1163 2886 Olympiae
1190 2801 1265 2878 fuit,
1291 2801 1371 2866 facts

355 2941 373 2982 a
396 2918 524 2983 Callicle
546 2919 730 3003 Megarensi.
754 2917 886 2982 Pausan.
914 2917 1115 2998 Quinetiam
1139 2920 1204 3004 ejus
1221 2919 1369 3003 originem

355 3042 588 3112 consecrarunt,
621 3042 651 3100 et
681 3036 823 3112 fuerunt,
855 3035 910 3119 qui
941 3057 1030 3111 enm,
1062 3056 1159 3120 quum
1186 3042 1283 3100 mater
1306 3036 1371 3119 ejus

355 3152 433 3216 lorte
463 3152 495 3215 irr
522 3152 668 3216 Mercurii
689 3151 762 3215 fauo
785 3151 1036 3228 obdormivisset,
1061 3158 1092 3216 et
1114 3151 1200 3216 Deus
1223 3151 1260 3215 ad
1285 3151 1371 3216 illam

356 3269 504 3345 uenisset,
535 3267 683 3332 Mercurii
713 3267 812 3332 filium
835 3268 930 3332 fuisse
954 3267 1157 3352 perhiberent.
1183 3266 1285 3331 Schol.
1325 3267 1372 3331 De

354 3385 509 3449 Mercurio
532 3385 730 3449 certaminum
756 3384 893 3468 praeside
909 3391 990 3449 certe
1006 3384 1099 3468 hujus
1116 3385 1211 3449 lemae
1227 3384 1373 3448 memoria

354 3509 409 3566 est.
450 3500 519 3564 Vid.
544 3500 594 3564 01.
620 3500 666 3564 VI
693 3503 755 3564 134
779 3500 885 3585 ibique
908 3500 1069 3565 annotatio
1093 3508 1208 3565 nostra.
1256 3498 1371 3563 similis

352 3627 456 3683 antem
484 3617 565 3683 fama
591 3617 630 3682 de
652 3618 863 3696 Aristomene,
888 3625 977 3685 atavo
1001 3618 1101 3703 gentis
1125 3617 1190 3701 ejus
1213 3625 1368 3694 materno,

351 3735 485 3799 traditur
507 3757 525 3797 a
547 3734 717 3811 Pausania,
741 3733 778 3798 L.
802 3734 850 3797 IV
873 3732 908 3797 G.
934 3732 1013 3797 XIV
1038 3735 1067 3797 5.

395 3850 562 3916 Scribendo
585 3850 644 3914 boc
666 3850 799 3914 carmine
821 3850 973 3914 Pindarus
996 3856 1028 3914 et
1050 3849 1139 3913 initia
1162 3849 1244 3934 capit
1266 3848 1367 3913 alau-

351 3968 443 4034 dibus
465 3968 617 4053 Diagorae
640 3976 671 4032 st
693 3967 732 4032 ad
756 3968 877 4032 easdem
892 3973 999 4051 postes
1014 3966 1111 4031 redit:
1129 3964 1274 4049 pleraque
1290 3965 1366 4030 cele-

351 4085 420 4151 brat
442 4085 480 4150 de
503 4084 656 4150 veteribus
679 4083 780 4149 Rhodi
803 4083 957 4149 laudibus.
1005 4082 1091 4163 Quas
1114 4104 1211 4166 quum
1227 4089 1365 4160 ornaret,

351 4225 413 4267 non
436 4203 521 4266 aliud
545 4201 694 4286 spectarit
709 4202 768 4265 nisi
784 4209 820 4264 ut
835 4201 959 4265 victoris
976 4201 1104 4286 patriam
1120 4198 1275 4264 laudaret:
1293 4207 1367 4263 sunt

351 4320 475 4402 quidem
506 4319 539 4383 in
569 4318 743 4382 narratione
772 4318 970 4402 interpositae
1001 4317 1187 4394 sententiae,
1217 4337 1295 4401 quac
1327 4316 1363 4380 sd

351 4438 530 4524 sapientiam
562 4435 834 4501 commendandam
862 4436 1050 4520 pertineant:
1079 4455 1158 4519 quse
1181 4433 1364 4519 quibusdam
