3725 5542
992 718 1058 779 000

512 922 591 985 inter
621 942 653 983 se
684 926 830 1004 cognatae
862 940 929 983 esse
957 917 1048 982 etad
1073 919 1198 983 mndem
1222 920 1344 985 dicendi
1366 923 1524 986 materiem

514 1040 664 1123 pertinere
689 1038 856 1103 videantur.
896 1036 1023 1100 Diversa
1038 1036 1188 1101 Pindarus
1211 1038 1272 1103 alio
1295 1039 1387 1103 modo
1410 1040 1523 1125 signifi·

514 1160 590 1221 cavit
618 1156 706 1221 Nem.
732 1156 795 1221 vll
820 1160 858 1220 81
885 1161 899 1220 ὁ
921 1160 975 1231 μὲν
997 1159 1054 1237 τὰ,
1080 1164 1121 1224 τὰ
1142 1158 1168 1222 δ’
1192 1158 1294 1229 ἄλλοι,
1326 1157 1404 1223 alius
1427 1159 1521 1224 aliud.

514 1278 606 1361 Apud
642 1276 850 1361 Theognidem
884 1298 973 1352 vero,
1009 1279 1092 1353 390,
1127 1284 1242 1359 τολμᾷν
1270 1277 1311 1342 τοὶ
1338 1302 1372 1342 τε
1402 1279 1452 1342 xci
1481 1280 1523 1342 τοὶ

513 1396 621 1475 Φέρειν,
647 1394 757 1459 diserte
780 1394 1015 1478 distinguuntur
1036 1394 1116 1459 bona
1135 1403 1166 1459 et
1184 1396 1278 1472 mala,
1300 1418 1378 1479 quae
1397 1396 1521 1481 quidem

514 1536 600 1577 vorsu
623 1513 820 1599 praecedente
840 1535 980 1598 expressa
997 1524 1071 1577 sunt
1091 1522 1121 1576 et
1142 1535 1178 1577 eo
1197 1513 1380 1579 referuntur.
1404 1514 1518 1580 Verum

513 1636 543 1699 in
579 1634 652 1719 ipsis
686 1657 747 1699 non
783 1634 952 1698 necessario
985 1633 1213 1697 distinctionem
1251 1634 1348 1698 inesse
1381 1636 1522 1713 ostendi,

512 1764 539 1815 et
573 1754 630 1816 hoc
662 1752 784 1837 quidem
815 1752 939 1817 Pindari
970 1752 1037 1817 loco
1069 1752 1169 1817 multa
1195 1752 1275 1816 bona
1297 1754 1519 1838 significantur.

512 1871 613 1949 Καιρὸν
647 1872 726 1951 φέρει
761 1894 821 1935 non
857 1870 972 1935 dicitnr
1005 1869 1037 1933 h.
1061 1870 1083 1932 l.
1119 1869 1157 1933 de
1191 1870 1315 1934 ferendo
1349 1871 1412 1934 sive
1442 1871 1519 1936 bene

513 1988 673 2052 subeundo
706 1998 857 2075 tempore,
890 2010 996 2051 verum
1027 1988 1065 2051 de
1092 1988 1243 2051 afferenda
1266 1990 1328 2053 sive
1351 1989 1522 2074 praebenda

513 2108 741 2193 opportunitate
772 2116 802 2170 et
833 2108 931 2191 copia.
978 2105 1126 2169 Similiter
1157 2105 1246 2169 Nem.
1270 2105 1335 2170 Vll
1360 2110 1403 2170 84
1425 2116 1522 2188 Μοῖρα

514 2230 607 2306 ιιιιιρὸν
631 2226 718 2303 ὄλβου
740 2225 842 2289 dedecor.
928 2304 931 2309 Ι

558 2348 610 2408 09.
646 2345 769 2420 βισθεῐοιν
793 2344 910 2423 ὑπέχων
932 2367 960 2408 ιι.
984 2368 1013 2407 τ.
1036 2360 1066 2408 Λ.
1102 2341 1219 2426 Cyrene
1248 2342 1420 2427 appellatur
1448 2368 1521 2422 τοιρ-

512 2464 584 2534 divor
614 2464 775 2544 ἀγροτέριι,
808 2462 862 2547 Py.
896 2460 942 2525 IX
978 2463 1017 2523 10
1046 2462 1129 2545 virgo
1153 2462 1307 2539 venatrix,
1330 2470 1362 2525 et
1380 2462 1520 2541 Ἄρτεμις

513 2580 654 2661 ἀγροτέρα
687 2580 766 2665 apud
799 2580 987 2655 Homerum,
1020 2579 1057 2642 Il.
1090 2578 1168 2642 XXI
1191 2582 1274 2652 471,
1306 2581 1331 2643 si
1363 2580 1389 2643 is
1419 2604 1524 2645 versus

514 2700 690 2763 retinendus
722 2708 784 2763 est:
815 2706 846 2761 et
874 2699 906 2763 in
938 2698 1108 2761 venationis
1136 2698 1290 2762 vocabulis
1314 2698 1397 2782 apud
1419 2698 1526 2763 Pollu-

514 2842 577 2881 cem
606 2816 641 2881 L.
666 2817 695 2878 V
718 2816 752 2881 C.
779 2816 794 2879 I
822 2820 859 2879 13
880 2817 1022 2896 Ἄρτεμις
1045 2817 1198 2897 opperire.
1244 2816 1282 2880 ln
1305 2816 1429 2881 scholiis
1444 2826 1522 2881 vete·

514 2938 597 3001 ribus
622 2938 679 3001 hoo
704 2935 826 3001 Pindari
849 2936 917 3000 loco
942 2934 1071 2999 venandi
1095 2936 1274 3020 significolio
1298 2937 1341 2999 ita
1356 2937 1517 3013 retinetur,

514 3066 549 3119 ut
584 3078 683 3119 rerum
719 3054 921 3119 laudabilium
951 3053 998 3116 vel
1032 3054 1154 3118 utilium
1186 3054 1324 3118 studium
1346 3063 1377 3118 et
1400 3056 1521 3119 venatio

516 3174 574 3238 dici
607 3184 740 3260 putetur.
785 3172 873 3237 Nem.
906 3172 958 3237 III
990 3175 1047 3249 80,
1070 3173 1232 3238 λεόντεσσιν
1255 3174 1429 3255 ἀγροτέροις,
1455 3174 1522 3238 leri·

517 3294 588 3357 tutis
619 3304 649 3356 et
679 3292 806 3357 ferociae
838 3292 1017 3375 significatio
1049 3300 1104 3355 est.
1148 3290 1344 3377 Quapropter
1365 3291 1396 3355 h.
1420 3292 1441 3355 l.
1465 3292 1523 3356 lor·

516 3410 678 3474 titudinem
701 3418 732 3473 et
755 3432 821 3473 acre
844 3408 996 3485 studium,
1026 3429 1088 3472 uon
1111 3408 1156 3472 ira
1178 3407 1337 3485 bellicosa,
1360 3408 1414 3472 sed
1437 3409 1523 3473 sortis

517 3530 610 3594 animi
633 3530 749 3613 impetn
773 3540 803 3592 et
827 3527 994 3613 praeclaras
1017 3550 1065 3591 res
1084 3526 1260 3611 perficiendi
1280 3526 1386 3591 ardore
1406 3528 1524 3613 conspi-

517 3672 609 3713 cuum
632 3648 794 3732 significari
818 3648 969 3711 existimo.
1006 3647 1145 3726 Ἴτέχειν
1169 3656 1216 3710 est
1238 3646 1391 3731 praebere.
1431 3646 1524 3732 Hesy-

517 3767 618 3830 chius:
643 3764 754 3847 ὕπεχε,
779 3767 901 3847 πάρεχε.
925 3766 1046 3845 ὑπέχει,
1071 3763 1192 3830 δι’δινσιν.
1217 3763 1329 3846 ὑφέξω,
1353 3765 1440 3830 δώσω.

565 3887 637 3949 102.
668 3864 692 3949 si
715 3884 744 3949 δέ
767 3910 815 3962 μιν
838 3888 915 3965 ἔχων
932 3909 987 3957 τις.
1017 3883 1110 3948 Recte
1126 3882 1412 3947 Karsteniusaliert
1428 3882 1521 3948 Hom.

517 4002 555 4068 Il.
580 4002 688 4067 XXIV
711 4006 751 4067 41

783 4122 855 4187 λέων
878 4122 904 4187 δ’
928 4118 982 4199 ὃς,
1005 4118 1098 4201 ἄγριοι
1119 4118 1213 4194 οἶδεν,

628 4240 689 4307 ὅστ’
712 4241 774 4305 ε’τεὶ
798 4240 834 4320 tp
856 4240 978 4321 μεγάλῃ
998 4265 1032 4305 τε
1054 4240 1106 4322 βίῃ
1127 4240 1176 4305 καὶ
1200 4242 1317 4321 &rime
1339 4241 1419 4319 θυμῷ

629 4358 727 4434 εἴξας,
751 4355 805 4423 εἶτ’
827 4358 874 4423 ἐπὶ
900 4367 986 4435 pita
1008 4358 1125 4438 βροτῶν.

520 4478 618 4564 Magis
631 4480 719 4543 etiam
730 4478 917 4541 constructio
927 4480 1066 4542 convenit
1075 4478 1156 4563 apud
1165 4476 1522 4561 Aeschylum‚0hoe.608
