3725 5542
826 736 890 797 285

344 963 375 1026 p.
400 941 462 1006 617
488 939 516 1016 f,
550 937 602 1004 ubi
627 938 769 1002 Pratinae
793 936 1000 1023 hyporchema
1024 936 1168 1014 affertur,
1201 937 1290 1021 eujus
1318 942 1365 1000 est

344 1057 394 1123 hic
418 1058 547 1123 ultimus
571 1080 676 1121 versus

567 1175 653 1241 ἄκουε
676 1176 733 1239 rota
756 1176 832 1251 ἐμοὶν
861 1172 965 1253 Δώριον
987 1174 1115 1254 χορείαν.

344 1294 420 1378 Ejus
451 1300 554 1358 autem
585 1294 728 1358 carminis
752 1292 908 1377 rythmum
932 1312 1056 1375 prorsus
1079 1290 1223 1354 Aeolium
1248 1290 1363 1355 videri:

344 1414 462 1493 χορείαις
485 1418 589 1476 autem
612 1411 736 1476 nomine
760 1410 933 1487 canticum,
966 1430 1030 1472 uon
1053 1407 1247 1472 saltationem
1272 1407 1366 1491 signi-

345 1530 445 1607 ficari,
465 1552 542 1614 quae
560 1530 656 1614 magis
673 1528 769 1594 oeulis
786 1536 929 1592 cernatur
946 1548 1038 1612 quam
1051 1526 1204 1590 audiatur.
1234 1524 1365 1595 'lhibuat

345 1656 448 1713 tamen
484 1648 542 1712 hoe
576 1647 794 1732 Aristophani,
839 1654 875 1709 ut
909 1646 1102 1709 saltationem
1139 1646 1230 1709 etiam
1265 1644 1365 1708 audiri

347 1767 517 1845 existimet,
542 1765 618 1831 Itan.
645 1767 709 1829 330
735 1764 958 1845 ἐγκατακρούων
981 1762 1045 1829 ποδὶ
1068 1764 1202 1846 χορείανι
1227 1770 1258 1826 et
1279 1762 1367 1827 Euri·

346 1884 429 1971 pidi,
458 1884 562 1970 Iphig.
594 1883 666 1947 Aul.
701 1885 783 1947 1043
809 1882 934 1963 Ποερῶες
958 1881 1210 1964 χρυσεοσάνδαλον
1231 1879 1311 1961 ἴχνος
1335 1882 1366 1945 ἕν

346 2011 392 2086 γᾷ
414 2003 572 2084 κρούουσαι.
608 2001 739 2066 Trihuat
758 2001 896 2079 Platoni,
922 2000 1117 2066 saltationem
1137 1999 1230 2063 etiam
1247 1999 1366 2080 χορείας

347 2121 472 2186 nomine
502 2120 670 2197 contineri,
704 2120 742 2183 de
773 2119 869 2204 Legg.
901 2118 936 2183 II
969 2120 1034 2181 654
1064 2116 1091 2181 B
1120 2118 1224 2197 χορεία
1246 2140 1285 2194 γε
1307 2118 1366 2196 μὴν

348 2238 466 2320 ὄρχησίς
496 2263 530 2303 σε
560 2236 610 2302 καὶ
641 2237 697 2319 ᾠδὴ
729 2236 762 2302 τὸ
785 2235 901 2313 Edronis
925 2237 1012 2302 ἐστιν.
1059 2234 1189 2300 Tribuat
1211 2235 1272 2319 ipsi
1295 2235 1367 2298 Pra-

349 2358 449 2433 tinac,
475 2365 511 2421 ut
532 2356 566 2420 in
590 2356 647 2420 hoc
671 2356 738 2441 ipso
762 2356 894 2419 carmine
918 2354 1054 2419 scribens

710 2474 763 2551 ἐμὲ
785 2474 984 2539 Arimathaia

710 2592 762 2669 ἐμὲ
785 2592 830 2656 δεῖ
849 2600 1001 2667 πασαχεῖν

352 2710 448 2774 altero
479 2710 572 2775 verbo
601 2710 638 2773 ad
663 2710 885 2788 cantationem,
910 2710 1006 2774 altero
1030 2708 1069 2773 ad
1092 2708 1287 2773 saltationem
1311 2709 1369 2794 aig-

352 2827 533 2892 nificandam
567 2835 691 2892 utatur:
710 2835 759 2892 'nt
789 2829 882 2892 etiam
914 2836 1062 2891 memoret
1091 2827 1174 2899 ποδὸς
1205 2826 1370 2909 dictitaris,

352 2968 430 3029 quae
466 2946 504 3009 ad
535 2946 728 3011 saltationem
760 2948 857 3032 magis
889 2969 981 3031 quam
1006 2946 1045 3010 ad
1068 2953 1193 3011 cantum
1218 2946 1371 3030 pertinere

352 3062 482 3127 videtur.
530 3062 647 3129 Verum
680 3086 736 3149 ego
768 3086 830 3129 nou
861 3072 986 3128 tantum
1008 3064 1112 3129 tribuo
1135 3063 1311 3140 Boeekhio,
1335 3070 1372 3127 ut

353 3203 474 3245 carmen
498 3178 642 3246 Pratinac
665 3182 823 3267 rythmum
847 3183 991 3247 Aeolium
1016 3183 1128 3248 habere
1150 3182 1227 3247 mihi
1251 3203 1373 3266 persua·
1421 3219 1431 3230 ·

353 3300 441 3364 deam
465 3308 590 3386 propter
612 3302 692 3366 hane
715 3323 857 3381 censam,
882 3302 965 3385 quod
989 3302 1031 3365 ita
1061 3300 1157 3365 rideri
1181 3300 1258 3365 dicit
1280 3298 1374 3363 Bocc-

354 3420 465 3485 khins:
498 3442 555 3485 nce
586 3426 707 3485 tantum
739 3419 844 3486 tribuo
878 3420 970 3497 mihi,
999 3428 1036 3484 ut
1059 3420 1244 3505 dijudicem,
1269 3425 1374 3483 utrum

354 3538 407 3602 ille
430 3538 570 3622 rythmus
594 3538 722 3603 Aeolius
746 3539 787 3603 sit
811 3562 849 3603 an
873 3539 998 3603 Dorins.
1034 3538 1102 3602 Hoc
1128 3536 1271 3622 equidem
1295 3537 1374 3614 seio,

354 3654 582 3719 harmoniarum
614 3656 739 3721 Graccis
770 3657 865 3721 hiisse
891 3656 982 3742 plura
1003 3678 1132 3741 genera:
1166 3655 1269 3740 attigit
1292 3677 1375 3718 men-

354 3772 470 3836 tionem
494 3794 597 3838 earum
622 3773 728 3853 Plato,
753 3775 800 3839 De
823 3774 899 3860 Rep.
924 3773 962 3839 L.
986 3774 1039 3838 ΠΙ
1063 3798 1093 3861 p.
1119 3776 1202 3838 398:
1227 3781 1376 3837 memoret

355 3912 466 3976 genera
488 3890 509 3953 J
512 3891 593 3955 nlius
613 3892 726 3957 Pollux
744 3892 780 3957 L.
799 3892 846 3957 IV
861 3892 895 3959 (l.
912 3892 963 3957 IX
980 3896 1040 3971 65,
1064 3893 1209 3970 Doriam,
1234 3891 1373 3969 doniam,

356 4007 511 4086 Aeoliam,
531 4018 598 4073 tum
616 4009 781 4095 Phrygiam
797 4018 828 4075 et
845 4010 991 4095 Lydiam,
1012 4019 1169 4096 praeterea
1180 4010 1373 4074 Locrensem.

356 4122 504 4188 Similiter
530 4126 723 4206 Athenaeus,
748 4129 786 4194 L.
803 4127 882 4193 XIV
898 4127 934 4193 C.
952 4128 1031 4193 XIX
1051 4132 1130 4208 624,
1155 4151 1244 4213 seqq:
1270 4148 1376 4191 verum

356 4245 573 4328 praetermittit
606 4244 807 4311 Locrensem:
845 4247 984 4311 Aeoliam
1020 4270 1091 4311 vero
1125 4247 1218 4311 etiam
1252 4245 1376 4309 nomine

358 4360 568 4446 Hypodoriam
599 4364 675 4428 dicit
704 4364 888 4450 appellatam
919 4364 1023 4430 luisse.
1070 4365 1239 4430 Contendit
1261 4362 1377 4427 Boeelr-

358 4477 444 4555 hius,
470 4481 607 4545 Aeoliam
631 4506 693 4547 non
717 4483 864 4568 appellari
890 4484 1027 4568 potuisse
1052 4484 1193 4560 Doriam,
1216 4487 1376 4567 propterea
