3725 5542
850 742 914 805 398

374 939 518 1027 Olympia
541 939 711 1005 constabat.
758 937 839 1002 Nam
863 946 899 1003 ut
920 939 1046 1003 omnino
1062 939 1191 1002 virtutes
1208 959 1312 1001 eorum
1329 937 1387 1000 lec·

371 1059 411 1123 tis
435 1065 660 1145 apparuerunt,
684 1058 729 1121 sic
752 1079 875 1142 quoque
898 1055 1071 1120 certaminis
1095 1061 1221 1119 eventus
1244 1055 1384 1118 eximiam

371 1177 401 1241 ei
427 1177 550 1241 laudem
580 1175 747 1240 vindicavit
776 1196 835 1258 ope
857 1173 1002 1238 Deorum.
1048 1171 1129 1236 Sunt
1152 1173 1266 1257 quippe
1290 1179 1385 1235 certa·

370 1293 489 1358 minum
519 1301 646 1358 eventus
675 1292 803 1370 incerti,
835 1299 865 1356 et
890 1313 1039 1376 suspensa
1062 1299 1125 1367 est,
1150 1291 1313 1372 κρέμαται,
1337 1311 1385 1353 re·

373 1409 535 1495 prehensio
557 1410 750 1488 invidorum,
775 1409 914 1474 imminet
937 1431 973 1473 ea
988 1408 1167 1484 certaturis,
1184 1406 1238 1470 ssd
1254 1407 1387 1470 vincitur

370 1527 426 1592 illa
444 1537 476 1592 et
493 1537 657 1612 superetur
676 1527 775 1603 fecto,
795 1527 822 1590 ai
841 1527 911 1612 quis
929 1526 963 1590 in
980 1525 1082 1610 primo
1102 1525 1207 1590 statim
1219 1525 1383 1590 certamine

371 1645 464 1710 decus
487 1645 644 1729 egregium
667 1645 812 1710 victoriae
834 1643 1032 1708 nanciscitur.

413 1763 590 1827 Boeclshius
620 1762 797 1839 contendit,
830 1762 862 1825 in
893 1760 1012 1826 civibus
1042 1759 1240 1845 Syracusanis
1272 1759 1384 1836 hrisse,

371 1881 425 1965 qui
445 1881 509 1965 jam
524 1887 591 1945 tum
607 1881 737 1964 Agesiae
751 1879 941 1957 inviderent,
958 1887 1051 1962 atque
1067 1879 1147 1944 hono
1163 1899 1226 1942 esse
1242 1899 1384 1962 censam,

373 2018 428 2061 cur
449 1997 601 2060 Pindarus
625 1997 699 2061 haec
722 1997 843 2062 dixerit.
890 1995 999 2061 Fuisse
1022 1996 1091 2060 illos
1107 1994 1227 2061 invidos
1244 1993 1383 2072 eosdem,

375 2113 430 2199 qui
454 2122 560 2199 posteo
583 2115 745 2198 Agesiam,
769 2113 906 2179 Hierone
924 2115 1088 2192 defuncto,
1106 2113 1293 2178 occiderunt.
1317 2111 1384 2176 Nec

372 2240 475 2296 tamen
498 2231 632 2316 explicet
638 2280 648 2310 ,
672 2231 826 2315 quomodo
850 2231 897 2296 illi
920 2233 1000 2295 cives
1023 2231 1120 2295 invidi
1144 2231 1235 2294 iidem
1251 2231 1384 2307 fuerint,

372 2349 427 2433 qui
457 2371 492 2411 vs
521 2351 562 2411 lu
591 2348 738 2434 appelleti
759 2357 832 2414 suut
854 2372 917 2415 non
940 2349 1047 2413 invidi.
1096 2348 1142 2412 De
1165 2348 1257 2412 caede
1281 2357 1383 2413 autem

372 2465 503 2550 Agesiae
534 2463 663 2529 affirmat
693 2488 710 2529 e
736 2465 853 2531 scholio
876 2466 965 2530 Urat.
993 2469 1018 2529 A
1042 2466 1081 2528 ad
1105 2487 1139 2527 vs
1166 2467 1245 2528 165:
1270 2461 1321 2536 ὅτι,
1336 2465 1384 2546 Φί-

372 2598 422 2653 λος
450 2581 596 2660 Ἀγησίας
618 2581 668 2646 καὶ
690 2583 813 2666 μάντις,
838 2583 867 2655 ὃς
887 2583 1002 2664 ἀνῃρέθη
1022 2583 1139 2663 Ἱέρωνος
1159 2583 1382 2652 καταλυθέντος.

372 2697 473 2763 Nimis
504 2699 570 2764 leve
598 2699 657 2763 hoc
679 2701 890 2764 testimoninm
912 2699 1071 2778 existimo,
1096 2707 1126 2764 et
1150 2721 1255 2764 carens
1279 2707 1383 2766 aucto·

371 2816 477 2879 ritate:
512 2816 600 2881 nulla
634 2824 790 2902 praeterea
819 2817 858 2881 de
888 2816 981 2883 caede
1011 2817 1143 2902 Agesiee
1167 2817 1302 2882 narratio
1325 2826 1380 2883 est.

371 2931 416 2997 Ut
445 2954 514 2997 vere
546 2932 663 3011 dicam,
686 2956 749 2999 non
772 2934 963 3000 intellectum
987 2936 1077 2999 credo
1100 2935 1178 2999 illud
1202 2935 1339 3001 scholion
1363 2960 1381 3000 a

368 3047 542 3113 Boeckhio:
567 3059 614 3114 est
636 3072 672 3114 eo
695 3050 821 3115 Pindari
844 3074 932 3116 versu
957 3053 1102 3117 memorie
1125 3053 1163 3118 de
1187 3051 1332 3118 Hieronis
1348 3061 1379 3118 et

369 3167 499 3250 Ageriae
526 3167 678 3231 amicitia:
705 3169 838 3253 explicat
865 3169 1031 3234 scholiasta
1052 3171 1271 3252 Φιλοφροτύνας
1283 3222 1292 3254 ‚
1316 3174 1382 3257 qui·

369 3281 427 3347 bus
456 3283 552 3347 Poste
582 3285 713 3369 Agesiae
742 3285 854 3350 festum
882 3286 921 3352 ab
946 3285 1081 3352 Hierone
1105 3295 1263 3372 acceptum
1287 3289 1378 3354 velit:

368 3420 490 3463 cansam
514 3402 604 3465 etiam
628 3401 733 3487 adjicit
755 3402 852 3480 hanc,
877 3404 978 3487 quod,
1004 3426 1100 3489 quum
1123 3404 1177 3468 ille
1201 3413 1284 3470 vates
1301 3407 1380 3491 regis

366 3524 462 3595 esset,
494 3540 560 3582 sors
590 3518 716 3584 alterius
745 3520 892 3605 penderet
922 3521 961 3586 ab
992 3522 1118 3586 alterius
1149 3529 1247 3602 sorte,
1276 3532 1330 3601 ut,
1355 3525 1381 3588 si

365 3634 445 3718 rogis
469 3636 607 3719 potentie
629 3635 815 3713 solveretur,
839 3637 933 3702 etiam
954 3639 1032 3702 vatis
1048 3640 1215 3704 auctoritas
1232 3663 1266 3705 ec
1283 3640 1381 3726 digni-

365 3757 411 3814 tes
442 3750 565 3816 sublate
594 3753 689 3818 foret:
721 3753 826 3838 itaque
857 3753 928 3819 illos
956 3756 1037 3820 inter
1059 3779 1091 3820 se
1117 3779 1216 3823 amare
1240 3769 1271 3824 st
1295 3758 1379 3845 adju·

366 3889 435 3933 vare
458 3875 608 3954 oportere.

410 3987 484 4050 128.
528 3986 708 4063 τοτττττὶξει.
750 3987 909 4074 Scriptura
944 3989 1018 4055 haec
1049 4000 1095 4056 est
1126 3995 1218 4058 etiam
1250 3996 1283 4060 in
1316 4018 1378 4061 uuo

361 4107 461 4168 vetere
485 4102 619 4168 scholio:
643 4103 677 4167 τὸ
699 4105 729 4169 δὲ
754 4105 944 4182 resendio,
970 4109 1160 4190 ἐπιχαρίτως
1184 4115 1293 4187 παύσει
1311 4114 1377 4186 τοὺς

363 4225 511 4292 νικῶντας.

413 4340 487 4402 128.
522 4340 621 4417 χάρις.
656 4337 694 4403 In
725 4339 854 4404 victoria
884 4341 1049 4408 tribuenda
1077 4353 1263 4410 memoretur
1286 4349 1377 4412 etiem

365 4451 417 4516 Ol.
440 4452 476 4516 Il
499 4457 552 4518 90.
599 4457 721 4520 Edetani
742 4461 861 4536 μορφὰν
882 4467 964 4522 recte
987 4469 1074 4524 vetus
1098 4461 1262 4528 scholiasta
1284 4466 1378 4549 expli·
