3725 5542
547 1598 639 1647 VIRO
661 1598 890 1647 RBVDRENDO
912 1600 1149 1651 nocntsslaeo

613 1736 619 1751 ⁸
648 1788 878 1858 amanen
901 1790 1046 1870 naen,

370 1960 553 1997 emtoaornla}
575 1961 697 2007 ΜΟΤΟΙΙ,
717 1962 812 1999 annm!
830 1963 984 1999 uanam!
1002 1963 1142 2012 ΙΔΕΙΙΤΙΟ,
1159 1966 1322 2001 cunctantia

522 2084 684 2130 ΙιΙῦΙΝΤΙΑΤΟ,
708 2084 840 2121 medinm
858 2086 1033 2121 nannetica!
1050 2086 1167 2123 enmono

752 2264 942 2307 wncnmalan

685 2445 715 2485 ln
730 2444 848 2487 samma
863 2446 1005 2497 GUfflfflA,

584 2638 802 2704 ALBEBTUS
825 2640 882 2703 DE
903 2640 1049 2706 JONGH
1072 2642 1103 2705 S.

381 2917 575 3000 Quamquam
600 2922 632 2979 et
653 2915 718 2992 Tu,
744 2916 789 2978 vir
811 2915 926 2999 optime
949 2916 1086 2999 mihique
1109 2917 1278 2994 carissime,
1304 2918 1347 2982 ita

338 3070 384 3111 me
400 3070 499 3123 amaa,
522 3054 553 3111 et
568 3068 624 3131 ego
640 3054 687 3125 te,
703 3054 739 3111 ut
755 3046 787 3110 in
804 3046 939 3111 amicitia
953 3054 1057 3110 ncatra
1073 3054 1106 3111 et
1120 3069 1221 3111 amore
1238 3054 1347 3113 mutue

335 3180 407 3242 aetia
430 3200 538 3243 causac
560 3178 656 3259 foret,
680 3200 751 3254 cur,
777 3178 857 3241 siin
881 3178 919 3241 iis
944 3177 1057 3255 literie,
1082 3197 1158 3263 quaa
1182 3178 1273 3244 ambe
1297 3201 1347 3243 ca·

334 3331 383 3373 rae
406 3308 570 3385 hebemus,
601 3307 718 3391 aliquid
741 3307 818 3371 mihi
841 3307 976 3372 effecisse
999 3307 1134 3384 viderer,
1159 3307 1192 3371 id
1215 3307 1272 3371 tihi
1295 3306 1347 3371 de·

333 3439 481 3505 dicarem:
514 3448 615 3503 tamen
647 3438 811 3522 singularia
838 3459 930 3502 cansa
952 3459 1001 3502 ma
1024 3438 1181 3515 incitavit,
1205 3445 1242 3501 ut
1264 3436 1345 3503 nulli

333 3571 435 3655 potina
465 3592 557 3655 quam
592 3569 649 3633 tibi
672 3568 751 3633 hanc
773 3590 872 3632 meam
896 3567 1022 3632 Pindari
1045 3566 1258 3653 Olympiorum
1282 3568 1346 3633 cdi·

330 3703 446 3767 tionem
476 3700 676 3765 dedicandam
708 3722 773 3763 ease
799 3699 979 3784 judicarem.
1026 3696 1149 3764 Noviati
1170 3700 1269 3778 enim,
1293 3724 1343 3765 me

331 3832 363 3897 in
396 3854 462 3896 mea
487 3832 564 3896 mihi
587 3831 742 3895 carissima
766 3830 865 3914 patria
887 3852 950 3893 non
972 3851 1074 3894 carere
1097 3830 1219 3907 amicis,
1243 3832 1341 3915 iiaque

329 3970 362 4028 et
392 3962 489 4027 doctis
520 3968 551 4027 et
574 3962 723 4027 bonarum
747 3960 903 4025 literarum
927 3958 1083 4026 studiosis.
1129 3960 1245 4026 Verum
1269 3961 1340 4025 illca

327 4091 491 4175 conjunxit
512 4091 589 4157 mihi
613 4092 659 4155 vel
680 4088 902 4154 adolescentiae
917 4089 1125 4168 consuetudo,
1147 4092 1196 4157 vel
1211 4091 1339 4156 militiae

325 4221 520 4297 communio,
546 4220 593 4285 vel
617 4219 772 4284 vinculum
796 4219 921 4283 omnino
940 4219 1132 4299 studiorum,
1149 4220 1196 4285 vel
1213 4221 1338 4306 quaevis

325 4349 477 4435 ejusmodi
507 4350 739 4435 opportunitas,
772 4370 850 4434 qnae
882 4350 978 4432 possit
1009 4358 1097 4435 eptca
1129 4351 1168 4414 ad
1191 4352 1337 4415 virtutem

324 4488 359 4547 et
390 4481 428 4544 ad
458 4481 622 4549 amicitiem
654 4482 770 4549 animoa
802 4480 936 4549 interae
959 4483 1142 4549 consociare.
1174 4481 1233 4546 Sed
1257 4482 1337 4546 inter
