<?xml version="1.0" encoding="UTF-8"?>
<!DOCTYPE html PUBLIC "-//W3C//DTD XHTML 1.0 Transitional//EN"
    "http://www.w3.org/TR/xhtml1/DTD/xhtml1-transitional.dtd">
<html xmlns="http://www.w3.org/1999/xhtml" xml:lang="en" lang="en">
 <head>
  <title>
</title>
<meta http-equiv="Content-Type" content="text/html;charset=utf-8" />
  <meta name='ocr-system' content='tesseract 3.04.00' />
  <meta name='ocr-capabilities' content='ocr_page ocr_carea ocr_par ocr_line ocrx_word'/>
</head>
<body>
  <div class='ocr_page' id='page_1' title='image "./pindaricarminao01pindgoog_0362.png"; bbox 0 0 3725 5542; ppageno 0'>
   <div class='ocr_carea' id='block_1_1' title="bbox 486 932 1491 1129">
    <p class='ocr_par' dir='ltr' id='par_1_1' title="bbox 486 932 1491 1129">
     <span class='ocr_line' id='line_1_1' title="bbox 534 932 1491 1021; baseline 0.005 -26"><span class='ocrx_word' id='word_1_1' title='bbox 534 935 561 995; x_wconf 92' lang='grc'><strong>1.</strong></span> <span class='ocrx_word' id='word_1_2' title='bbox 596 932 712 997; x_wconf 78' lang='grc' dir='ltr'><strong><em>ἔσαναν.</em></strong></span> <span class='ocrx_word' id='word_1_3' title='bbox 748 933 849 1019; x_wconf 84' lang='lat' dir='ltr'><strong>Ipsam</strong></span> <span class='ocrx_word' id='word_1_4' title='bbox 875 933 959 999; x_wconf 83' lang='lat' dir='ltr'><strong>verbi</strong></span> <span class='ocrx_word' id='word_1_5' title='bbox 981 936 1233 1020; x_wconf 80' lang='lat' dir='ltr'><strong>significationem</strong></span> <span class='ocrx_word' id='word_1_6' title='bbox 1257 937 1406 1021; x_wconf 80' lang='lat' dir='ltr'><strong>expressit</strong></span> <span class='ocrx_word' id='word_1_7' title='bbox 1419 937 1491 1000; x_wconf 85' lang='lat' dir='ltr'><strong>Ovi·</strong></span> 
     </span>
     <span class='ocr_line' id='line_1_2' title="bbox 486 1051 912 1129; baseline 0.009 -16"><span class='ocrx_word' id='word_1_8' title='bbox 486 1052 573 1129; x_wconf 90' lang='lat' dir='ltr'><strong>dius,</strong></span> <span class='ocrx_word' id='word_1_9' title='bbox 598 1051 723 1116; x_wconf 88' lang='lat' dir='ltr'><strong>Metam.</strong></span> <span class='ocrx_word' id='word_1_10' title='bbox 747 1052 823 1117; x_wconf 74' lang='lat' dir='ltr'><strong>xlv</strong></span> <span class='ocrx_word' id='word_1_11' title='bbox 848 1056 912 1117; x_wconf 77' lang='lat'><strong>258</strong></span> 
     </span>
    </p>
   </div>
   <div class='ocr_carea' id='block_1_2' title="bbox 575 1184 1372 1403">
    <p class='ocr_par' dir='ltr' id='par_1_2' title="bbox 575 1184 1372 1403">
     <span class='ocr_line' id='line_1_3' title="bbox 575 1184 1372 1273; baseline 0.006 -25"><span class='ocrx_word' id='word_1_12' title='bbox 575 1184 659 1265; x_wconf 81' lang='lat' dir='ltr'><strong>Quin</strong></span> <span class='ocrx_word' id='word_1_13' title='bbox 683 1186 773 1251; x_wconf 88' lang='lat' dir='ltr'><strong>etiam</strong></span> <span class='ocrx_word' id='word_1_14' title='bbox 798 1187 924 1253; x_wconf 78' lang='lat' dir='ltr'><strong>blandas</strong></span> <span class='ocrx_word' id='word_1_15' title='bbox 947 1210 1067 1253; x_wconf 85' lang='lat' dir='ltr'><strong>movere</strong></span> <span class='ocrx_word' id='word_1_16' title='bbox 1090 1211 1144 1273; x_wconf 87' lang='lat' dir='ltr'><strong>per</strong></span> <span class='ocrx_word' id='word_1_17' title='bbox 1166 1211 1238 1253; x_wconf 88' lang='lat' dir='ltr'><strong>aera</strong></span> <span class='ocrx_word' id='word_1_18' title='bbox 1260 1190 1372 1253; x_wconf 68' lang='lat' dir='ltr'><strong>medrus</strong></span> 
     </span>
     <span class='ocr_line' id='line_1_4' title="bbox 577 1303 1266 1403; baseline 0.004 -36"><span class='ocrx_word' id='word_1_19' title='bbox 577 1303 751 1391; x_wconf 70' lang='lat' dir='ltr'>Nostraque</span> <span class='ocrx_word' id='word_1_20' title='bbox 773 1306 934 1371; x_wconf 74' lang='lat' dir='ltr'><strong>adulantes</strong></span> <span class='ocrx_word' id='word_1_21' title='bbox 957 1308 1105 1403; x_wconf 75' lang='lat' dir='ltr'><strong>comitant</strong></span> <span class='ocrx_word' id='word_1_22' title='bbox 1126 1306 1266 1392; x_wconf 82' lang='lat' dir='ltr'><strong>vestigia.</strong></span> 
     </span>
    </p>
   </div>
   <div class='ocr_carea' id='block_1_3' title="bbox 487 1455 1499 2016">
    <p class='ocr_par' dir='ltr' id='par_1_3' title="bbox 487 1455 1499 2016">
     <span class='ocr_line' id='line_1_5' title="bbox 487 1455 1497 1541; baseline 0.005 -25"><span class='ocrx_word' id='word_1_23' title='bbox 487 1455 641 1539; x_wconf 76' lang='lat' dir='ltr'><strong>Significat</strong></span> <span class='ocrx_word' id='word_1_24' title='bbox 676 1466 775 1521; x_wconf 87' lang='lat' dir='ltr'><strong>antem</strong></span> <span class='ocrx_word' id='word_1_25' title='bbox 810 1457 972 1521; x_wconf 81' lang='lat' dir='ltr'><strong>maximam</strong></span> <span class='ocrx_word' id='word_1_26' title='bbox 995 1458 1025 1521; x_wconf 93' lang='lat' dir='ltr'><strong>in</strong></span> <span class='ocrx_word' id='word_1_27' title='bbox 1051 1480 1083 1521; x_wconf 90' lang='lat' dir='ltr'><strong>re</strong></span> <span class='ocrx_word' id='word_1_28' title='bbox 1106 1466 1263 1541; x_wconf 76' lang='lat' dir='ltr'><strong>praesente</strong></span> <span class='ocrx_word' id='word_1_29' title='bbox 1286 1456 1434 1522; x_wconf 75' lang='lat' dir='ltr'><strong>laetitiam</strong></span> <span class='ocrx_word' id='word_1_30' title='bbox 1457 1458 1497 1521; x_wconf 88' lang='lat' dir='ltr'><strong>si·</strong></span> 
     </span>
     <span class='ocr_line' id='line_1_6' title="bbox 488 1574 1499 1661; baseline 0.003 -25"><span class='ocrx_word' id='word_1_31' title='bbox 488 1574 552 1637; x_wconf 89' lang='lat' dir='ltr'><strong>mul</strong></span> <span class='ocrx_word' id='word_1_32' title='bbox 583 1585 611 1637; x_wconf 88' lang='lat' dir='ltr'><strong>et</strong></span> <span class='ocrx_word' id='word_1_33' title='bbox 639 1597 780 1640; x_wconf 89' lang='lat' dir='ltr'><strong>amorem.</strong></span> <span class='ocrx_word' id='word_1_34' title='bbox 830 1576 1000 1661; x_wconf 59' lang='lat' dir='ltr'><strong>,aeschylus</strong></span> <span class='ocrx_word' id='word_1_35' title='bbox 1030 1575 1135 1640; x_wconf 72' lang='lat' dir='ltr'><strong>mdem</strong></span> <span class='ocrx_word' id='word_1_36' title='bbox 1167 1575 1317 1641; x_wconf 82' lang='lat' dir='ltr'><strong>vocabulo</strong></span> <span class='ocrx_word' id='word_1_37' title='bbox 1346 1578 1444 1640; x_wconf 87' lang='lat' dir='ltr'><strong>utitur</strong></span> <span class='ocrx_word' id='word_1_38' title='bbox 1466 1577 1499 1639; x_wconf 90' lang='lat' dir='ltr'><strong>in</strong></span> 
     </span>
     <span class='ocr_line' id='line_1_7' title="bbox 487 1690 1495 1780; baseline 0.001 -24"><span class='ocrx_word' id='word_1_39' title='bbox 487 1693 623 1777; x_wconf 83' lang='lat' dir='ltr'><strong>speciosa</strong></span> <span class='ocrx_word' id='word_1_40' title='bbox 641 1694 766 1758; x_wconf 87' lang='lat' dir='ltr'><strong>caritate</strong></span> <span class='ocrx_word' id='word_1_41' title='bbox 783 1690 998 1780; x_wconf 75' lang='lat' dir='ltr'><strong>significanda,</strong></span> <span class='ocrx_word' id='word_1_42' title='bbox 1016 1698 1124 1780; x_wconf 81' lang='lat' dir='ltr'><strong>Agam.</strong></span> <span class='ocrx_word' id='word_1_43' title='bbox 1139 1698 1202 1760; x_wconf 82' lang='grc'><strong>’198</strong></span> <span class='ocrx_word' id='word_1_44' title='bbox 1218 1694 1345 1772; x_wconf 82' lang='grc' dir='ltr'><strong><em>ὄμματα</em></strong></span> <span class='ocrx_word' id='word_1_45' title='bbox 1359 1696 1495 1761; x_wconf 62' lang='lat' dir='ltr'><strong>iamiam</strong></span> 
     </span>
     <span class='ocr_line' id='line_1_8' title="bbox 487 1813 1497 1895; baseline 0.003 -20"><span class='ocrx_word' id='word_1_46' title='bbox 487 1814 620 1895; x_wconf 78' lang='grc' dir='ltr'><strong><em>εὔφρονος</em></strong></span> <span class='ocrx_word' id='word_1_47' title='bbox 646 1814 679 1878; x_wconf 78' lang='grc' dir='ltr'><strong>ἐκ</strong></span> <span class='ocrx_word' id='word_1_48' title='bbox 702 1814 825 1885; x_wconf 76' lang='grc' dir='ltr'><strong><em>διανοίας</em></strong></span> <span class='ocrx_word' id='word_1_49' title='bbox 849 1814 949 1895; x_wconf 76' lang='grc' dir='ltr'><strong><em>ὑδαρεῖ</em></strong></span> <span class='ocrx_word' id='word_1_50' title='bbox 968 1815 1074 1878; x_wconf 87' lang='grc' dir='ltr'><strong><em>σαίνειν</em></strong></span> <span class='ocrx_word' id='word_1_51' title='bbox 1096 1814 1245 1893; x_wconf 74' lang='grc' dir='ltr'><strong><em>Φιλότητι.</em></strong></span> <span class='ocrx_word' id='word_1_52' title='bbox 1292 1813 1442 1879; x_wconf 88' lang='lat' dir='ltr'><strong>Pindarus</strong></span> <span class='ocrx_word' id='word_1_53' title='bbox 1465 1816 1497 1878; x_wconf 90' lang='lat' dir='ltr'><strong>in</strong></span> 
     </span>
     <span class='ocr_line' id='line_1_9' title="bbox 487 1930 1497 2016; baseline 0.002 -22"><span class='ocrx_word' id='word_1_54' title='bbox 487 1930 705 1996; x_wconf 78' lang='lat' dir='ltr'><strong>blanditiarum</strong></span> <span class='ocrx_word' id='word_1_55' title='bbox 728 1932 871 2007; x_wconf 78' lang='lat' dir='ltr'><strong>fallaciis,</strong></span> <span class='ocrx_word' id='word_1_56' title='bbox 891 1932 942 2016; x_wconf 80' lang='lat' dir='ltr'><strong>Py.</strong></span> <span class='ocrx_word' id='word_1_57' title='bbox 959 1930 994 1995; x_wconf 94' lang='grc' dir='ltr'>Π</span> <span class='ocrx_word' id='word_1_58' title='bbox 1012 1934 1073 1995; x_wconf 84' lang='grc'><strong>151</strong></span> <span class='ocrx_word' id='word_1_59' title='bbox 1092 1932 1182 2003; x_wconf 75' lang='grc' dir='ltr'><strong><em>δόλιος</em></strong></span> <span class='ocrx_word' id='word_1_60' title='bbox 1201 1932 1291 2006; x_wconf 71' lang='grc' dir='ltr'><strong><em>ἀστὸς</em></strong></span> <span class='ocrx_word' id='word_1_61' title='bbox 1309 1932 1412 1997; x_wconf 81' lang='grc' dir='ltr'><strong><em>σαίνων</em></strong></span> <span class='ocrx_word' id='word_1_62' title='bbox 1429 1940 1497 1996; x_wconf 76' lang='lat' dir='ltr'><strong>rori</strong></span> 
     </span>
    </p>
   </div>
   <div class='ocr_carea' id='block_1_4' title="bbox 361 2033 1498 2136">
    <p class='ocr_par' dir='ltr' id='par_1_4' title="bbox 361 2033 1498 2136">
     <span class='ocr_line' id='line_1_10' title="bbox 361 2033 1498 2136; baseline -0.001 -22"><span class='ocrx_word' id='word_1_63' title='bbox 361 2114 368 2129; x_wconf 69' lang='grc'><em>,</em></span> <span class='ocrx_word' id='word_1_64' title='bbox 488 2050 604 2120; x_wconf 79' lang='grc' dir='ltr'><strong><em>τοίντας</em></strong></span> <span class='ocrx_word' id='word_1_65' title='bbox 631 2050 722 2128; x_wconf 76' lang='grc' dir='ltr'><strong><em>ἄγαν.</em></strong></span> <span class='ocrx_word' id='word_1_66' title='bbox 769 2050 897 2136; x_wconf 75' lang='lat' dir='ltr'><strong>Saepius</strong></span> <span class='ocrx_word' id='word_1_67' title='bbox 930 2050 989 2113; x_wconf 91' lang='lat' dir='ltr'><strong>boc</strong></span> <span class='ocrx_word' id='word_1_68' title='bbox 1013 2049 1137 2114; x_wconf 87' lang='lat' dir='ltr'><strong>verbum</strong></span> <span class='ocrx_word' id='word_1_69' title='bbox 1161 2033 1320 2114; x_wconf 75' lang='lat' dir='ltr'><strong>transitira</strong></span> <span class='ocrx_word' id='word_1_70' title='bbox 1343 2048 1498 2114; x_wconf 71' lang='lat' dir='ltr'><strong>alliciendi</strong></span> 
     </span>
    </p>
   </div>
   <div class='ocr_carea' id='block_1_5' title="bbox 488 2166 1498 4583">
    <p class='ocr_par' dir='ltr' id='par_1_5' title="bbox 488 2166 1492 2374">
     <span class='ocr_line' id='line_1_11' title="bbox 488 2166 1492 2255; baseline -0.001 -24"><span class='ocrx_word' id='word_1_71' title='bbox 488 2169 709 2253; x_wconf 81' lang='lat' dir='ltr'><strong>sigrnficationc</strong></span> <span class='ocrx_word' id='word_1_72' title='bbox 741 2171 882 2255; x_wconf 85' lang='lat' dir='ltr'><strong>ponitur,</strong></span> <span class='ocrx_word' id='word_1_73' title='bbox 916 2168 1000 2232; x_wconf 84' lang='lat' dir='ltr'><strong>velut</strong></span> <span class='ocrx_word' id='word_1_74' title='bbox 1027 2168 1108 2254; x_wconf 87' lang='lat' dir='ltr'><strong>apud</strong></span> <span class='ocrx_word' id='word_1_75' title='bbox 1131 2168 1225 2253; x_wconf 85' lang='lat' dir='ltr'><strong>Soph.</strong></span> <span class='ocrx_word' id='word_1_76' title='bbox 1249 2166 1325 2233; x_wconf 85' lang='lat' dir='ltr'><strong>Oed.</strong></span> <span class='ocrx_word' id='word_1_77' title='bbox 1350 2166 1385 2232; x_wconf 83' lang='lat' dir='ltr'><strong>O.</strong></span> <span class='ocrx_word' id='word_1_78' title='bbox 1410 2170 1492 2245; x_wconf 77' lang='lat' dir='ltr'><strong>ala,</strong></span> 
     </span>
     <span class='ocr_line' id='line_1_12' title="bbox 488 2286 1349 2374; baseline -0.001 -24"><span class='ocrx_word' id='word_1_79' title='bbox 488 2287 541 2351; x_wconf 92' lang='lat' dir='ltr'><strong>ubi</strong></span> <span class='ocrx_word' id='word_1_80' title='bbox 566 2288 720 2374; x_wconf 77' lang='lat' dir='ltr'><strong>Antigone</strong></span> <span class='ocrx_word' id='word_1_81' title='bbox 744 2288 886 2353; x_wconf 84' lang='lat' dir='ltr'><strong>Ismenen</strong></span> <span class='ocrx_word' id='word_1_82' title='bbox 909 2286 1120 2352; x_wconf 85' lang='lat' dir='ltr'><strong>advenientem</strong></span> <span class='ocrx_word' id='word_1_83' title='bbox 1144 2288 1349 2373; x_wconf 87' lang='lat' dir='ltr'><strong>conspiciens:</strong></span> 
     </span>
    </p>

    <p class='ocr_par' dir='ltr' id='par_1_6' title="bbox 755 2420 1199 2501">
     <span class='ocr_line' id='line_1_13' title="bbox 755 2420 1199 2501; baseline -0.002 -16"><span class='ocrx_word' id='word_1_84' title='bbox 755 2422 865 2501; x_wconf 72' lang='grc' dir='ltr'><strong><em>Φαιδρία</em></strong></span> <span class='ocrx_word' id='word_1_85' title='bbox 888 2429 959 2497; x_wconf 72' lang='grc' dir='ltr'><strong><em>γοῦν</em></strong></span> <span class='ocrx_word' id='word_1_86' title='bbox 979 2420 1034 2485; x_wconf 71' lang='grc' dir='ltr'><strong>ἆτ’</strong></span> <span class='ocrx_word' id='word_1_87' title='bbox 1058 2422 1199 2497; x_wconf 67' lang='grc' dir='ltr'><strong><em>ὀμμάτων</em></strong></span> 
     </span>
    </p>

    <p class='ocr_par' dir='ltr' id='par_1_7' title="bbox 598 2540 1350 2622">
     <span class='ocr_line' id='line_1_14' title="bbox 598 2540 1350 2622; baseline -0.001 -18"><span class='ocrx_word' id='word_1_88' title='bbox 598 2542 689 2605; x_wconf 84' lang='grc' dir='ltr'><strong><em>σαίνει</em></strong></span> <span class='ocrx_word' id='word_1_89' title='bbox 713 2566 753 2617; x_wconf 83' lang='grc' dir='ltr'><strong>με</strong></span> <span class='ocrx_word' id='word_1_90' title='bbox 775 2542 990 2621; x_wconf 82' lang='grc' dir='ltr'><strong><em>τροστείχονσα</em></strong></span> <span class='ocrx_word' id='word_1_91' title='bbox 1012 2540 1071 2622; x_wconf 81' lang='lat' dir='ltr'><strong>(vel</strong></span> <span class='ocrx_word' id='word_1_92' title='bbox 1094 2542 1350 2622; x_wconf 79' lang='grc' dir='ltr'><strong><em>τροτστείχονσα).</em></strong></span> 
     </span>
    </p>

    <p class='ocr_par' dir='ltr' id='par_1_8' title="bbox 488 2672 1498 2997">
     <span class='ocr_line' id='line_1_15' title="bbox 490 2672 1495 2759; baseline 0 -21"><span class='ocrx_word' id='word_1_93' title='bbox 490 2678 592 2758; x_wconf 84' lang='lat' dir='ltr'><strong>Atque</strong></span> <span class='ocrx_word' id='word_1_94' title='bbox 623 2674 683 2738; x_wconf 86' lang='lat' dir='ltr'><strong>alia</strong></span> <span class='ocrx_word' id='word_1_95' title='bbox 713 2676 745 2739; x_wconf 93' lang='lat' dir='ltr'><strong>in</strong></span> <span class='ocrx_word' id='word_1_96' title='bbox 775 2674 882 2759; x_wconf 79' lang='lat' dir='ltr'><strong>lingua</strong></span> <span class='ocrx_word' id='word_1_97' title='bbox 909 2674 1027 2738; x_wconf 81' lang='lat' dir='ltr'><strong>Graeca</strong></span> <span class='ocrx_word' id='word_1_98' title='bbox 1048 2697 1067 2737; x_wconf 90' lang='lat' dir='ltr'><strong>a</strong></span> <span class='ocrx_word' id='word_1_99' title='bbox 1089 2696 1200 2739; x_wconf 88' lang='lat' dir='ltr'><strong>canum</strong></span> <span class='ocrx_word' id='word_1_100' title='bbox 1222 2672 1423 2739; x_wconf 73' lang='lat' dir='ltr'><strong>similitudine</strong></span> <span class='ocrx_word' id='word_1_101' title='bbox 1446 2673 1495 2738; x_wconf 78' lang='lat' dir='ltr'><strong>do</strong></span> 
     </span>
     <span class='ocr_line' id='line_1_16' title="bbox 490 2791 1498 2889; baseline -0.001 -33"><span class='ocrx_word' id='word_1_102' title='bbox 490 2801 672 2889; x_wconf 87' lang='lat' dir='ltr'><strong>sumuntur:</strong></span> <span class='ocrx_word' id='word_1_103' title='bbox 705 2804 741 2857; x_wconf 89' lang='lat' dir='ltr'><strong>ut</strong></span> <span class='ocrx_word' id='word_1_104' title='bbox 774 2792 912 2877; x_wconf 78' lang='lat' dir='ltr'><strong>Ulyssem</strong></span> <span class='ocrx_word' id='word_1_105' title='bbox 936 2792 1090 2856; x_wconf 85' lang='lat' dir='ltr'><strong>Homerus</strong></span> <span class='ocrx_word' id='word_1_106' title='bbox 1112 2793 1218 2857; x_wconf 84' lang='lat' dir='ltr'><strong>scribit</strong></span> <span class='ocrx_word' id='word_1_107' title='bbox 1240 2791 1419 2857; x_wconf 83' lang='lat' dir='ltr'><strong>vehemente</strong></span> <span class='ocrx_word' id='word_1_108' title='bbox 1441 2794 1498 2855; x_wconf 87' lang='lat' dir='ltr'><strong>ira·</strong></span> 
     </span>
     <span class='ocr_line' id='line_1_17' title="bbox 488 2910 1067 2997; baseline -0.002 -22"><span class='ocrx_word' id='word_1_109' title='bbox 488 2912 601 2977; x_wconf 89' lang='lat' dir='ltr'><strong>cundia</strong></span> <span class='ocrx_word' id='word_1_110' title='bbox 623 2924 813 2997; x_wconf 88' lang='lat' dir='ltr'><strong>correptum,</strong></span> <span class='ocrx_word' id='word_1_111' title='bbox 837 2910 897 2975; x_wconf 94' lang='lat' dir='ltr'><strong>Od.</strong></span> <span class='ocrx_word' id='word_1_112' title='bbox 922 2911 983 2975; x_wconf 82' lang='lat' dir='ltr'><strong>XX</strong></span> <span class='ocrx_word' id='word_1_113' title='bbox 1011 2914 1067 2974; x_wconf 79' lang='lat' dir='ltr'><strong>la:</strong></span> 
     </span>
    </p>

    <p class='ocr_par' dir='ltr' id='par_1_9' title="bbox 488 3044 1493 3382">
     <span class='ocr_line' id='line_1_18' title="bbox 754 3044 1201 3125; baseline -0.002 -16"><span class='ocrx_word' id='word_1_114' title='bbox 754 3046 853 3125; x_wconf 76' lang='grc' dir='ltr'><strong><em>κραδίη</em></strong></span> <span class='ocrx_word' id='word_1_115' title='bbox 876 3044 905 3109; x_wconf 71' lang='grc' dir='ltr'><strong>δέ</strong></span> <span class='ocrx_word' id='word_1_116' title='bbox 928 3047 952 3110; x_wconf 81' lang='grc' dir='ltr'><strong>οἱ</strong></span> <span class='ocrx_word' id='word_1_117' title='bbox 976 3044 1049 3109; x_wconf 75' lang='grc' dir='ltr'><strong><em>ἔνδον</em></strong></span> <span class='ocrx_word' id='word_1_118' title='bbox 1072 3045 1201 3109; x_wconf 61' lang='lat' dir='ltr'><strong>tumn.</strong></span> 
     </span>
     <span class='ocr_line' id='line_1_19' title="bbox 488 3176 1493 3263; baseline -0.004 -20"><span class='ocrx_word' id='word_1_119' title='bbox 488 3187 519 3243; x_wconf 91' lang='lat' dir='ltr'><strong>et</strong></span> <span class='ocrx_word' id='word_1_120' title='bbox 542 3178 795 3263; x_wconf 84' lang='lat' dir='ltr'><strong>Clytaemnestra,</strong></span> <span class='ocrx_word' id='word_1_121' title='bbox 821 3177 951 3242; x_wconf 88' lang='lat' dir='ltr'><strong>laudans</strong></span> <span class='ocrx_word' id='word_1_122' title='bbox 967 3180 1240 3263; x_wconf 77' lang='lat' dir='ltr'><strong>Agamemnonem,</strong></span> <span class='ocrx_word' id='word_1_123' title='bbox 1258 3177 1391 3262; x_wconf 86' lang='lat' dir='ltr'><strong>appellat</strong></span> <span class='ocrx_word' id='word_1_124' title='bbox 1407 3176 1493 3240; x_wconf 91' lang='lat' dir='ltr'><strong>illum</strong></span> 
     </span>
     <span class='ocr_line' id='line_1_20' title="bbox 488 3299 1049 3382; baseline -0.005 -20"><span class='ocrx_word' id='word_1_125' title='bbox 488 3304 544 3362; x_wconf 80' lang='grc' dir='ltr'><strong>τῶν</strong></span> <span class='ocrx_word' id='word_1_126' title='bbox 566 3301 702 3375; x_wconf 74' lang='grc' dir='ltr'><strong><em>σταίμιῖν</em></strong></span> <span class='ocrx_word' id='word_1_127' title='bbox 724 3299 814 3361; x_wconf 69' lang='grc' dir='ltr'><strong><em>κύνας</em></strong></span> <span class='ocrx_word' id='word_1_128' title='bbox 840 3300 949 3382; x_wconf 72' lang='lat' dir='ltr'><strong>ligem.</strong></span> <span class='ocrx_word' id='word_1_129' title='bbox 975 3299 1049 3359; x_wconf 80' lang='lat'><strong>896.</strong></span> 
     </span>
    </p>

    <p class='ocr_par' dir='ltr' id='par_1_10' title="bbox 488 3414 1497 3737">
     <span class='ocr_line' id='line_1_21' title="bbox 537 3414 1497 3499; baseline -0.003 -19"><span class='ocrx_word' id='word_1_130' title='bbox 537 3419 586 3481; x_wconf 89' lang='grc'><strong>10.</strong></span> <span class='ocrx_word' id='word_1_131' title='bbox 623 3415 652 3487; x_wconf 73' lang='grc' dir='ltr'><strong>ὃς</strong></span> <span class='ocrx_word' id='word_1_132' title='bbox 676 3416 784 3481; x_wconf 85' lang='grc' dir='ltr'><strong><em>Αίτναν</em></strong></span> <span class='ocrx_word' id='word_1_133' title='bbox 806 3416 895 3496; x_wconf 66' lang='grc' dir='ltr'><strong><em>ἔχειν.</em></strong></span> <span class='ocrx_word' id='word_1_134' title='bbox 931 3414 982 3478; x_wconf 91' lang='lat' dir='ltr'><strong>Ol.</strong></span> <span class='ocrx_word' id='word_1_135' title='bbox 1008 3414 1053 3477; x_wconf 87' lang='lat' dir='ltr'><strong>VI</strong></span> <span class='ocrx_word' id='word_1_136' title='bbox 1080 3418 1140 3477; x_wconf 73' lang='lat' dir='ltr'><strong>lou</strong></span> <span class='ocrx_word' id='word_1_137' title='bbox 1165 3426 1196 3479; x_wconf 90' lang='lat' dir='ltr'><strong>et</strong></span> <span class='ocrx_word' id='word_1_138' title='bbox 1220 3414 1341 3479; x_wconf 78' lang='lat' dir='ltr'><strong>NemI</strong></span> <span class='ocrx_word' id='word_1_139' title='bbox 1360 3417 1376 3478; x_wconf 89' lang='grc'><strong>1</strong></span> <span class='ocrx_word' id='word_1_140' title='bbox 1395 3414 1497 3499; x_wconf 91' lang='lat' dir='ltr'><strong>appel-</strong></span> 
     </span>
     <span class='ocr_line' id='line_1_22' title="bbox 488 3532 1495 3618; baseline -0.005 -19"><span class='ocrx_word' id='word_1_141' title='bbox 488 3535 569 3599; x_wconf 88' lang='lat' dir='ltr'><strong>latur</strong></span> <span class='ocrx_word' id='word_1_142' title='bbox 599 3558 617 3598; x_wconf 87' lang='lat' dir='ltr'><strong>a</strong></span> <span class='ocrx_word' id='word_1_143' title='bbox 647 3535 743 3599; x_wconf 86' lang='lat' dir='ltr'><strong>Poeta</strong></span> <span class='ocrx_word' id='word_1_144' title='bbox 771 3536 844 3607; x_wconf 80' lang='grc' dir='ltr'><strong>Ζεὺς</strong></span> <span class='ocrx_word' id='word_1_145' title='bbox 874 3534 1019 3605; x_wconf 82' lang='grc' dir='ltr'><strong><em>Λίτναῖος.</em></strong></span> <span class='ocrx_word' id='word_1_146' title='bbox 1066 3534 1120 3618; x_wconf 71' lang='lat' dir='ltr'><strong>Py.</strong></span> <span class='ocrx_word' id='word_1_147' title='bbox 1151 3532 1231 3598; x_wconf 80' lang='grc'><strong>151</strong></span> <span class='ocrx_word' id='word_1_148' title='bbox 1257 3534 1409 3597; x_wconf 85' lang='lat' dir='ltr'><strong>invocatio</strong></span> <span class='ocrx_word' id='word_1_149' title='bbox 1431 3542 1495 3596; x_wconf 80' lang='lat' dir='ltr'><strong>est:</strong></span> 
     </span>
     <span class='ocr_line' id='line_1_23' title="bbox 488 3652 949 3737; baseline -0.007 -18"><span class='ocrx_word' id='word_1_150' title='bbox 488 3662 562 3737; x_wconf 79' lang='grc' dir='ltr'><strong>Ζεῦ,</strong></span> <span class='ocrx_word' id='word_1_151' title='bbox 585 3652 614 3728; x_wconf 76' lang='grc' dir='ltr'><strong>ὃς</strong></span> <span class='ocrx_word' id='word_1_152' title='bbox 638 3658 716 3719; x_wconf 77' lang='grc' dir='ltr'><strong><em>τοῦτ’</em></strong></span> <span class='ocrx_word' id='word_1_153' title='bbox 738 3656 857 3732; x_wconf 74' lang='grc' dir='ltr'><strong><em>ἐφέσεις</em></strong></span> <span class='ocrx_word' id='word_1_154' title='bbox 881 3653 949 3735; x_wconf 76' lang='grc' dir='ltr'><strong><em>ὄρος.</em></strong></span> 
     </span>
    </p>

    <p class='ocr_par' dir='ltr' id='par_1_11' title="bbox 536 3772 892 3857">
     <span class='ocr_line' id='line_1_24' title="bbox 536 3772 892 3857; baseline -0.006 -21"><span class='ocrx_word' id='word_1_155' title='bbox 536 3776 585 3837; x_wconf 88' lang='grc'><strong>11.</strong></span> <span class='ocrx_word' id='word_1_156' title='bbox 620 3772 708 3837; x_wconf 87' lang='lat' dir='ltr'><strong>Conf.</strong></span> <span class='ocrx_word' id='word_1_157' title='bbox 734 3773 786 3857; x_wconf 76' lang='lat' dir='ltr'><strong>Py.</strong></span> <span class='ocrx_word' id='word_1_158' title='bbox 812 3772 827 3835; x_wconf 93' lang='lat' dir='ltr'>I</span> <span class='ocrx_word' id='word_1_159' title='bbox 851 3774 892 3835; x_wconf 82' lang='lat'><strong>30</strong></span> 
     </span>
    </p>

    <p class='ocr_par' dir='ltr' id='par_1_12' title="bbox 664 3902 1266 4583">
     <span class='ocr_line' id='line_1_25' title="bbox 842 3902 1068 3980; baseline -0.013 -11"><span class='ocrx_word' id='word_1_160' title='bbox 842 3908 906 3970; x_wconf 68' lang='grc' dir='ltr'><strong><em>θεῶν</em></strong></span> <span class='ocrx_word' id='word_1_161' title='bbox 931 3902 1068 3980; x_wconf 76' lang='grc' dir='ltr'><strong><em>πολέμιος</em></strong></span> 
     </span>
     <span class='ocr_line' id='line_1_26' title="bbox 709 4022 1192 4107; baseline 0.006 -18"><span class='ocrx_word' id='word_1_162' title='bbox 709 4028 818 4107; x_wconf 65' lang='grc' dir='ltr'>Τυφὼς</span> <span class='ocrx_word' id='word_1_163' title='bbox 841 4022 1123 4101; x_wconf 65' lang='grc' dir='ltr'><strong><em>ἑκατοντακάρανος·</em></strong></span> <span class='ocrx_word' id='word_1_164' title='bbox 1147 4060 1192 4069; x_wconf 88' lang='grc'>-</span> 
     </span>
     <span class='ocr_line' id='line_1_27' title="bbox 886 4142 1078 4218; baseline -0.01 -11"><span class='ocrx_word' id='word_1_165' title='bbox 886 4148 935 4207; x_wconf 79' lang='grc' dir='ltr'><strong>νῦν</strong></span> <span class='ocrx_word' id='word_1_166' title='bbox 956 4165 993 4218; x_wconf 74' lang='grc' dir='ltr'><strong>με</strong></span> <span class='ocrx_word' id='word_1_167' title='bbox 1015 4142 1078 4217; x_wconf 70' lang='grc' dir='ltr'><strong>μὲν</strong></span> 
     </span>
     <span class='ocr_line' id='line_1_28' title="bbox 664 4260 1266 4339; baseline -0.008 -12"><span class='ocrx_word' id='word_1_168' title='bbox 664 4264 727 4327; x_wconf 86' lang='grc' dir='ltr'><strong><em>Ταί</em></strong></span> <span class='ocrx_word' id='word_1_169' title='bbox 749 4264 772 4324; x_wconf 75' lang='grc' dir='ltr'><strong>θ’</strong></span> <span class='ocrx_word' id='word_1_170' title='bbox 796 4264 864 4338; x_wconf 81' lang='grc' dir='ltr'><strong>ὑπὲρ</strong></span> <span class='ocrx_word' id='word_1_171' title='bbox 888 4262 993 4337; x_wconf 75' lang='grc' dir='ltr'><strong><em>Κύμας</em></strong></span> <span class='ocrx_word' id='word_1_172' title='bbox 1015 4261 1160 4339; x_wconf 70' lang='grc' dir='ltr'><strong><em>ἁλιερκέες</em></strong></span> <span class='ocrx_word' id='word_1_173' title='bbox 1183 4260 1266 4339; x_wconf 64' lang='lat' dir='ltr'><strong>{xlae</strong></span> 
     </span>
     <span class='ocr_line' id='line_1_29' title="bbox 667 4380 1063 4463; baseline -0.005 -18"><span class='ocrx_word' id='word_1_174' title='bbox 667 4383 788 4447; x_wconf 74' lang='grc' dir='ltr'><strong><em>Σικελία</em></strong></span> <span class='ocrx_word' id='word_1_175' title='bbox 810 4380 837 4453; x_wconf 83' lang='grc' dir='ltr'><strong>τ’</strong></span> <span class='ocrx_word' id='word_1_176' title='bbox 860 4384 950 4446; x_wconf 79' lang='grc' dir='ltr'><strong><em>αὐτοῦ</em></strong></span> <span class='ocrx_word' id='word_1_177' title='bbox 975 4380 1063 4463; x_wconf 78' lang='grc' dir='ltr'><strong><em>τιίζει</em></strong></span> 
     </span>
     <span class='ocr_line' id='line_1_30' title="bbox 667 4498 973 4583; baseline -0.01 -17"><span class='ocrx_word' id='word_1_178' title='bbox 667 4502 776 4583; x_wconf 78' lang='grc' dir='ltr'><strong><em>Στέρνα</em></strong></span> <span class='ocrx_word' id='word_1_179' title='bbox 800 4498 973 4583; x_wconf 65' lang='grc' dir='ltr'><strong><em>λαχνάεντα</em></strong></span> 
     </span>
    </p>
   </div>
   <div class='ocr_carea' id='block_1_6' title="bbox 0 0 1872 5542">
    <p class='ocr_par' dir='ltr' id='par_1_13' title="bbox 0 0 1872 5542">
     <span class='ocr_line' id='line_1_31' title="bbox 0 0 1872 5542; baseline 0 0"><span class='ocrx_word' id='word_1_180' title='bbox 0 0 1872 5542; x_wconf 95' lang='lat' dir='ltr'><strong> </strong></span> 
     </span>
    </p>
   </div>
  </div>
 </body>
</html>
