3725 5542
1021 726 1062 784 62

531 930 676 1004 quaerat,
700 922 753 985 sed
776 922 887 1006 pudori
911 944 1013 1007 parem
1034 924 1181 987 virtutem
1203 932 1234 987 et
1253 925 1403 988 amionem
1422 926 1554 1009 coujun-

529 1060 605 1121 gens
628 1038 796 1103 mercedem
819 1060 1000 1123 magnorum
1025 1038 1167 1104 laborum
1190 1040 1314 1105 laudem
1336 1041 1453 1126 cupiat.

577 1156 617 1219 Et
641 1157 762 1240 saepius
782 1155 944 1220 amabilem
964 1156 1120 1239 quandum
1141 1157 1172 1220 in
1194 1158 1397 1242 praedicendo
1416 1159 1465 1224 vel
1483 1159 1554 1224 bre·

531 1274 655 1337 vitatem
687 1273 734 1337 rel
765 1273 1008 1338 mediocritatem
1037 1275 1195 1357 sequitur:
1211 1276 1235 1358 ¹)
1261 1275 1335 1352 sed,
1359 1298 1550 1359 qumquam

531 1393 657 1455 omnino
681 1414 742 1455 nou
766 1392 913 1456 laudandi
937 1402 1077 1470 tantum,
1102 1415 1208 1457 nerum
1233 1395 1326 1457 etium
1344 1392 1473 1479 optandi
1492 1406 1555 1457 ter-

532 1508 650 1572 minum
681 1510 815 1593 aliquem
848 1532 913 1573 esse
941 1510 1049 1594 jubet,
1083 1518 1187 1574 tamen
1215 1510 1368 1595 ejusmodi
1390 1532 1461 1573 eum
1483 1530 1554 1573 csse

532 1626 616 1703 vult,
651 1636 689 1691 ut
722 1648 840 1711 semper
874 1627 971 1691 simus
1005 1628 1157 1691 humanae
1192 1628 1284 1691 sortis
1313 1648 1463 1691 memoras
1493 1649 1554 1691 uec

530 1764 678 1807 conemur
701 1744 764 1807 fieri
790 1744 858 1819 Dii,
883 1766 959 1808 uere
982 1744 1146 1829 cupiamus
1168 1744 1281 1807 nimia:
1305 1744 1359 1807 scd
1382 1743 1437 1808 illa
1456 1744 1555 1809 nimia

531 1881 594 1925 nou
614 1870 744 1945 possunt
764 1884 829 1925 esse
848 1862 881 1925 iu
897 1860 1086 1926 facinoribus
1101 1860 1310 1925 laudabilibus
1326 1860 1554 1946 praeclarisque

532 1978 722 2055 actionibus,
754 1978 807 2042 sod
838 1980 984 2043 oriuntur
1014 1988 1101 2057 tum,
1132 1980 1159 2041 si
1186 1980 1257 2062 quis
1287 2000 1320 2041 se
1346 2000 1403 2042 sua
1427 1978 1555 2041 lurtum

531 2095 652 2173 afferat,
677 2098 765 2180 quusi
785 2096 988 2173 immutabili,
1008 2096 1040 2160 it
1060 2107 1190 2160 estnon
1210 2097 1344 2160 bumana
1361 2096 1416 2159 sed
1434 2095 1553 2159 diviua.

529 2210 604 2277 Huc
635 2215 788 2297 pertinent
819 2236 871 2290 ea,
903 2236 983 2297 quse
1009 2222 1176 2279 occurrunt
1198 2214 1337 2299 saepius:
1362 2236 1424 2291 „ue
1445 2220 1555 2297 specta

528 2329 727 2415 lougiusr’'⁸)
749 2353 811 2409 „ne
830 2332 937 2417 cupiam
956 2332 1022 2395 ficri
1041 2331 1126 2395 Deus
1137 2330 1204 2415 θ’)
1223 2352 1310 2409 „non
1329 2340 1416 2395 ertrs
1435 2330 1555 2394 colum·
1620 2352 1624 2357 ’

531 2470 585 2511 nas
610 2446 753 2512 Herculis
776 2470 865 2533 posse
888 2448 1007 2533 pergi.''
1019 2452 1044 2531 ⁴)
1088 2448 1145 2525 „Si
1167 2449 1237 2531 quis
1259 2448 1420 2512 bominum
1443 2458 1553 2511 sumtu

532 2574 563 2629 et
590 2564 694 2629 laboro
716 2565 887 2629 delectatus
911 2574 1094 2629 consecutus
1118 2575 1165 2629 est
1187 2564 1337 2629 divinitus
1371 2564 1459 2628 datm
1482 2564 1554 2629 leu-

531 2682 601 2758 des,
632 2682 723 2765 eique
754 2682 838 2746 Deus
870 2690 953 2747 creat
984 2682 1108 2747 laudem
1131 2682 1311 2747 amabilem:
1337 2682 1374 2745 ad
1398 2688 1552 2745 extremus

527 2802 590 2885 jam
622 2799 777 2864 lelicitatis
807 2822 875 2863 oras
907 2822 1050 2864 ancoram
1078 2801 1154 2885 jecit
1178 2798 1238 2865 Dei
1260 2800 1358 2863 instar
1380 2798 1549 2863 colendus:

530 2918 708 3002 hujusmodi
732 2916 835 2982 studia
858 2926 969 2981 nactus
992 2916 1129 2982 Glecuici
1152 2916 1235 2981 lilius
1257 2926 1347 3004 optat
1369 2916 1490 2981 Hedum
1516 2926 1554 2980 at

529 3057 637 3099 canam
668 3044 856 3100 senectutem
887 3035 1052 3120 recipere.'’
1065 3038 1092 3119 8)
1119 3036 1215 3113 ,,Ι)ιιο
1237 3035 1304 3099 sola
1325 3036 1406 3099 vitae
1429 3034 1552 3098 iaciunt

532 3153 637 3217 liorem
661 3152 878 3239 pulcerrimum
902 3175 972 3217 cum
997 3154 1113 3238 vigenti
1137 3152 1297 3229 felicitato,
1321 3152 1347 3216 ai
1368 3152 1438 3237 quis
1456 3152 1552 3215 rebus

531 3272 565 3335 iu
588 3271 740 3357 prosperis
763 3271 873 3335 bonam
897 3270 1010 3335 binum
1033 3270 1137 3335 audit:
1157 3294 1197 3335 ne
1217 3278 1304 3355 optes
1324 3270 1390 3333 fiori
1409 3268 1550 3353 Jupiter:

532 3388 636 3453 omnia
660 3388 770 3463 habes,
795 3388 821 3451 si
845 3388 956 3451 horum
980 3388 1019 3451 ud
1042 3398 1074 3452 te
1092 3410 1158 3451 sors
1177 3387 1330 3453 bonorum
1351 3389 1450 3452 venit:
1470 3409 1553 3451 mor·

533 3507 608 3571 talia
630 3506 811 3570 mortalibus
834 3506 1053 3570 conveniunt.''
1064 3509 1091 3589 ⁰)
1125 3506 1181 3583 „Si
1200 3506 1271 3590 quis
1289 3506 1413 3569 divitias
1432 3504 1551 3582 babens

532 3625 658 3688 sormam
690 3622 820 3687 eliorum
852 3623 1022 3708 praecurrit
1045 3624 1131 3687 etin
1154 3623 1373 3689 certaminibus
1396 3620 1551 3687 excellens

532 3742 627 3806 robur
649 3740 801 3819 ostendit,
824 3741 1009 3806 mortalibus
1032 3764 1064 3805 ae
1088 3741 1263 3807 meminerit
1280 3740 1426 3805 membris
1446 3740 1551 3803 camini

532 3868 564 3923 et
587 3860 618 3923 in
641 3860 702 3923 fiue
723 3860 861 3925 omnium
886 3866 969 3923 terra
991 3860 1137 3924 vestitum
1159 3858 1268 3942 iri.”‘1)

578 3975 666 4056 Quae
689 3976 814 4060 quidem
837 3976 964 4041 Pindari
986 3977 1138 4061 sapientis
1160 3977 1238 4039 siin
1257 3998 1329 4040 vers
1347 3974 1439 4040 laude
1458 3998 1553 4059 quae-

533 4094 629 4159 renda
651 4104 683 4159 et
704 4095 737 4159 in
761 4094 913 4159 humanae
936 4094 1027 4158 sortis
1050 4094 1229 4177 conditione
1246 4093 1460 4179 cognoscenda
1478 4115 1553 4158 con·

568 4380 829 4449 l)Gqu.e.gr.Iy.
852 4384 926 4432 IIII.
943 4382 987 4431 to.
1085 4381 1111 4442 8)
1130 4379 1281 4431 ΟΜΝ.
1370 4378 1551 4439 &olum

567 4480 592 4538 4)
611 4476 649 4527 01.
666 4476 723 4526 III.
740 4476 780 4526 80.
816 4479 841 4537 t)
858 4476 919 4526 rut.
942 4477 984 4526 VI.
1003 4477 1042 4526 14
1081 4475 1106 4537 c)
1123 4476 1186 4531 M.
1206 4476 1232 4525 7.
1249 4475 1290 4525 1⁴.
1323 4473 1350 4535 I)
1367 4474 1432 4524 Na.
1448 4472 1496 4523 11.
1508 4471 1551 4521 lt.
