3725 5542
1007 714 1073 777 518

575 921 628 980 20.
664 916 778 980 Insitas
794 914 924 980 affirmat
939 913 1143 981 Locrensibus
1160 916 1547 1001 virtutemetsapientiam

530 1057 596 1097 esse
625 1055 682 1097 nec
713 1055 803 1117 posse
832 1032 964 1108 mutari,
998 1030 1145 1117 exemplis
1174 1032 1383 1097 siortlssimo
1407 1044 1437 1097 et
1461 1057 1479 1098 a
1503 1058 1552 1097 ss-

531 1151 723 1236 pientissimo
754 1148 880 1215 animoli
910 1148 1070 1215 desumtis.
1118 1148 1161 1213 Et
1189 1148 1291 1233 vulpis
1314 1150 1441 1235 quidem
1465 1173 1550 1216 oom-

532 1269 650 1354 paratio
678 1268 807 1332 fortasse
837 1268 1006 1333 secuudum
1039 1275 1159 1331 nostros
1188 1288 1288 1332 mores
1312 1270 1413 1334 minus
1436 1270 1552 1335 deeora

532 1396 564 1450 et
596 1384 844 1470 praeclarissimis
873 1384 1061 1449 carminibus
1084 1385 1188 1449 minus
1211 1386 1367 1451 videretur
1389 1410 1455 1451 esse
1478 1410 1551 1452 con-
1676 1442 1677 1449 ,

533 1505 675 1568 veniens:
700 1503 753 1567 sed
777 1501 933 1567 Homerus
957 1524 1050 1587 qusm
1072 1509 1118 1565 est
1140 1524 1315 1568 muscarum
1331 1511 1362 1569 et
1377 1526 1550 1588 cygnorum

532 1630 565 1686 et
594 1622 772 1705 quorumvis
795 1620 962 1684 bestiarum
985 1627 1017 1691 et
1039 1620 1238 1685 bestiolarum
1261 1622 1550 1705 comparationibus

534 1739 687 1804 refertus?
717 1738 789 1823 Ipse
810 1736 965 1802 Pindarus
987 1738 1081 1801 etism
1103 1736 1160 1803 Ist
1183 1737 1231 1801 IV
1257 1740 1297 1803 77
1323 1738 1429 1803 eadem
1452 1750 1552 1825 atque

534 1856 593 1919 hoc
616 1857 685 1920 loco
706 1854 935 1939 comparatione
958 1854 1058 1919 utitur

891 1970 995 2052 robae
1019 1971 1079 2049 γὰρ
1101 1971 1181 2043 suu<

760 2088 848 2165 θυμθν
874 2088 1063 2168 ἐριβρεμετὶν
1086 2088 1171 2168 θηρῶν
1193 2087 1317 2152 λεόντων

760 2206 790 2269 ἒν
813 2208 905 2283 rho,
929 2214 1018 2281 μῖπιν
1040 2205 1066 2270 δ’
1088 2202 1221 2280 Meni.

537 2324 593 2408 Py.
628 2322 663 2385 ΙΙ
701 2324 762 2384 156
798 2321 866 2405 lupi
897 2322 1041 2406 proponit
1073 2320 1105 2385 iu
1136 2320 1208 2385 odio
1239 2340 1345 2406 aperto
1378 2325 1558 2407 exemplum

539 2439 705 2505 landabile.

585 2562 640 2622 20.
675 2557 770 2622 allos.
805 2555 865 2621 Vel
887 2556 927 2621 de
950 2556 1053 2621 colore
1075 2555 1159 2620 fulvo
1182 2565 1213 2621 et
1236 2556 1362 2623 ardenta
1389 2557 1450 2623 diei
1477 2559 1561 2623 exis-

541 2677 687 2753 timont,
711 2674 759 2739 rel
782 2673 821 2737 de
844 2673 962 2742 fervore
984 2673 1119 2757 ingenii,
1143 2673 1226 2739 doale
1246 2684 1285 2755 τῇ
1307 2674 1433 2756 διανοίᾳ,
1457 2684 1495 2739 ut
1510 2677 1562 2741 ait

540 2794 708 2857 scholiasta
740 2801 840 2855 vetus.
887 2791 1045 2855 Posterius
1080 2790 1156 2854 mihi
1189 2813 1294 2856 verum
1329 2792 1460 2857 videtur.
1509 2792 1562 2859 De

541 2911 677 2976 moribus
710 2909 836 2973 fervidis
869 2909 985 2975 dicitur
1022 2908 1105 2993 apud
1139 2908 1339 2993 Sophoclem,
1374 2910 1425 2995 ej.
1469 2914 1561 2975 1088

539 3029 624 3093 altos
647 3026 803 3106 ὑβρισννθςι
826 3025 865 3090 de
888 3026 977 3090 leone
999 3024 1085 3109 Tyrt.
1111 3026 1219 3109 fragm.
1247 3028 1286 3089 10

685 3142 800 3214 ιθθωνος
821 3144 852 3207 δὲ
874 3144 988 3215 λέοντος
1011 3142 1089 3223 lxm
1111 3144 1141 3207 lv
1162 3144 1279 3217 waldem
1302 3142 1399 3216 θυμθν.

946 3408 1139 3421 ffi-

898 3612 1095 3677 OLthPIA
1120 3612 1194 3678 ΧΠ.

588 3846 626 3910 Iu
656 3846 856 3931 inscriptione
883 3868 901 3909 a
923 3846 1129 3931 quibusdam,
1153 3856 1190 3911 ut
1214 3848 1247 3912 iu
1270 3850 1352 3913 notis
1376 3850 1490 3915 criticis
1514 3874 1566 3917 re-

541 3964 687 4039 tulimus,
711 3963 841 4027 reisrtur
863 3963 938 4028 haec
960 3962 1113 4047 Ergotrlis
1138 3965 1266 4029 victoris
1282 3965 1320 4029 ad
1336 3964 1558 4051 Olympiadem

535 4078 713 4143 LXXVII:
738 4079 818 4145 idem
844 4080 875 4144 in
899 4080 1025 4145 scholiis
1044 4082 1191 4147 traditur:
1209 4105 1266 4147 nec
1282 4056 1446 4149 dubitandi
1461 4108 1562 4151 cansa

541 4218 608 4260 asse
639 4196 769 4261 ridetur.
816 4197 1028 4262 Memorsntur
1058 4198 1090 4262 iu
1123 4199 1249 4266 scholiis
1282 4200 1372 4265 etiam
1396 4210 1560 4286 tempora,

542 4314 656 4399 quibus
678 4313 791 4398 Pythia
815 4313 938 4379 vicerit:
964 4316 1077 4400 quippe
1096 4315 1244 4401 Pythisde
1260 4316 1370 4382 XXIX
1386 4310 1429 4383 ihi
1446 4320 1560 4385 vicisse

542 4430 670 4496 dieitur:
693 4430 780 4495 etio
804 4430 900 4497 altero
923 4432 1040 4498 scholio
1065 4441 1164 4498 vetere
1187 4434 1271 4519 prior
1293 4436 1419 4501 victoris
1441 4434 1560 4521 Pythia
