3725 5542
1029 726 1092 787 500

549 939 621 1008 net,
646 938 683 994 ut
704 951 833 1013 magnos
855 950 874 991 a
890 927 1005 990 victore
1021 932 1180 1009 superatus
1196 946 1261 987 esse
1276 924 1396 989 labores
1412 932 1564 1010 appareat.

549 1048 591 1113 Et
621 1071 711 1133 saepe
741 1047 894 1111 Pindarus
925 1044 1029 1108 labore
1061 1043 1155 1107 decus
1178 1044 1278 1127 parari
1301 1044 1455 1121 ostendit,
1480 1045 1566 1109 velot

549 1168 601 1231 Ol.
626 1165 672 1229 vl
699 1169 756 1243 15,
779 1163 829 1227 XI
852 1168 883 1226 4.
929 1161 1077 1225 Similiter
1100 1160 1266 1224 hocloco:
1290 1159 1396 1226 ἄπονον
1415 1172 1476 1225 tam
1493 1184 1562 1227 cnm

548 1280 659 1355 ἔλαβον
681 1300 774 1361 quam
797 1298 867 1341 cum
890 1276 1001 1357 χάρμα
1024 1276 1272 1361 conjungendum
1298 1286 1362 1341 est:
1379 1299 1482 1341 rarum
1498 1300 1564 1341 csse

549 1397 678 1460 affirmat
710 1395 818 1471 Poeta,
843 1401 879 1457 nt
901 1393 1013 1477 aliquis
1037 1392 1185 1477 gandium
1210 1393 1363 1471 inveniat,
1389 1394 1472 1478 qnod
1496 1396 1564 1458 sirie

548 1513 651 1577 labore
681 1512 834 1576 inveniat:
866 1510 1031 1595 respiciens
1063 1508 1101 1573 ad
1129 1508 1265 1574 laborem
1291 1512 1448 1595 ingentem
1470 1520 1566 1575 certa·

548 1629 640 1693 minis
662 1626 810 1712 Olympii.

593 1746 647 1809 27.
682 1744 776 1807 Hunc
803 1764 924 1807 versum
949 1742 1051 1805 adhuc
1074 1742 1112 1805 ad
1136 1744 1349 1827 praecedentia
1371 1744 1564 1809 retulerunt:

546 1882 603 1924 uec
626 1863 807 1946 cujusquam
832 1860 896 1923 vidi
920 1858 1175 1944 explicationem,
1200 1881 1279 1944 quac
1302 1860 1462 1925 commoda
1483 1862 1565 1925 vide

546 1988 648 2055 retur,
671 1986 792 2063 praeter
814 1977 1036 2054 Heimsoelhii,
1061 1978 1132 2061 qui,
1153 1999 1223 2061 pag.
1244 1980 1302 2053 17,
1319 1978 1471 2055 ostendit,
1489 2001 1564 2063 qno·

545 2096 637 2160 modo
671 2096 746 2160 haec
776 2104 856 2159 esset
886 2096 1039 2180 appositio
1070 2117 1132 2159 non
1164 2096 1268 2160 addita
1299 2098 1425 2161 vocibus
1455 2095 1563 2163 almer

544 2212 671 2293 χάρμαι,
704 2212 756 2275 sed
788 2220 910 2275 tantum
942 2211 1008 2274 voci
1039 2214 1167 2291 agrippas:
1199 2234 1358 2297 quumque
1388 2213 1498 2293 χάρμα
1521 2216 1562 2280 de

542 2330 689 2393 victoriae
712 2328 827 2412 gaudio
850 2328 969 2392 dictum
992 2330 1051 2406 sit,
1075 2330 1183 2393 merito
1207 2329 1286 2393 illud
1311 2330 1371 2394 dici
1395 2330 1484 2409 ἔργον
1506 2336 1562 2413 πρὸ
1667 2404 1668 2413 ¹

542 2447 660 2509 πάντων
691 2446 780 2525 βιότῳ
807 2446 893 2526 <udas
929 2445 1013 2509 Malo
1045 2454 1146 2510 tamen
1171 2447 1362 2527 existimare,
1391 2448 1470 2512 hanc
1493 2471 1560 2513 esse
1667 2442 1668 2523 l

542 2563 765 2648 appositionem
796 2564 954 2647 sequentis
981 2563 1064 2625 vocis
1087 2565 1208 2639 οἰνῶνας
1233 2565 1378 2628 eximium
1402 2574 1557 2629 certarnen
1667 2594 1668 2603 ν

542 2680 704 2765 Olympiae
726 2679 861 2765 appellat
884 2679 989 2744 lumen
1013 2680 1094 2743 vitae
1122 2702 1215 2764 supra
1238 2681 1357 2765 reliqua
1380 2703 1471 2766 opera
1494 2704 1561 2747 om·
1667 2726 1668 2731 κ

541 2798 610 2861 nia:
635 2798 751 2882 qnippe
772 2796 851 2860 nihil
875 2818 956 2870 esse,
982 2796 1065 2879 quod
1088 2807 1151 2862 tarn
1176 2799 1273 2883 possit
1296 2799 1390 2862 vitam
1405 2798 1561 2863 illustrem

542 2914 667 2978 allicere.
713 2912 764 2977 Ne
787 2935 858 2977 vero
881 2914 951 2996 quis
975 2914 1073 2990 dicat,
1097 2935 1160 2977 nou
1183 2916 1303 2997 οὶγῶνο,
1328 2915 1381 2979 sed
1398 2916 1559 2981 victoriam

542 3054 607 3095 esse
622 3033 703 3095 ritae
718 3030 840 3095 lumen:
857 3032 953 3116 ipsam
971 3031 1066 3094 Poeta
1077 3032 1229 3115 significat
1241 3032 1418 3097 certaminis
1432 3034 1559 3097 maximi

542 3149 729 3225 claritatem,
762 3149 849 3233 cnjus
881 3148 1056 3211 certaminis
1086 3148 1314 3213 institutionem
1338 3157 1369 3213 et
1392 3150 1562 3234 primordia

541 3274 642 3329 vetera
661 3267 725 3349 jam
747 3264 900 3329 celebrare
924 3260 1118 3348 aggreditur:
1144 3286 1238 3349 quum
1263 3267 1352 3329 ctiam
1370 3266 1410 3329 ad
1425 3268 1561 3331 viatores

540 3381 727 3446 redundaret
749 3402 786 3445 ea
808 3380 947 3444 claritas:
972 3403 1065 3464 quam
1089 3382 1200 3445 cecinit
1223 3382 1313 3447 etiam
1336 3382 1387 3447 Ol.
1409 3382 1426 3446 I
1452 3382 1560 3461 initio,
1667 3380 1668 3391 ¹

540 3521 577 3562 ex
594 3499 700 3562 eadem
715 3497 866 3562 affirmans
883 3498 1053 3561 carminum
1071 3519 1195 3581 qnoque
1212 3500 1371 3584 provenire
1386 3501 1557 3563 materiem.

586 3618 639 3680 29.
674 3618 799 3693 θέμιτες.
835 3614 908 3679 Non
938 3616 1050 3679 frustra
1082 3616 1230 3680 dicuntur
1257 3617 1328 3702 jura
1350 3617 1453 3695 Jovis,
1478 3639 1560 3703 qnae

539 3732 667 3796 Poetam
689 3733 727 3795 ad
751 3742 903 3795 certamen
927 3732 1098 3797 canendum
1122 3733 1319 3817 impulerint,
1344 3756 1442 3819 quum
1463 3735 1559 3800 luerit

540 3852 606 3934 ejus
636 3849 793 3913 institutio
823 3847 894 3911 Jovi
926 3858 1120 3913 consecrata:
1149 3850 1229 3914 conl.
1253 3872 1304 3914 rsa
1329 3856 1390 3927 54,
1415 3854 1456 3917 97
1467 3902 1476 3929 ,
1504 3852 1557 3917 Ol

539 3965 638 4043 114,
664 3964 708 4027 [V
732 3968 763 4028 8.

584 4086 638 4145 80.
674 4082 792 4159 νάματι
816 4082 958 4153 Πέλοπος.
995 4081 1043 4146 Ol.
1067 4081 1119 4147 Ol.
1145 4084 1161 4147 Ι
1188 4086 1249 4147 149
1266 4084 1372 4168 ibique
1387 4087 1556 4151 annotatio.

585 4202 637 4263 33.
672 4200 769 4278 πέφνε
790 4198 929 4265 Κτέατον.
966 4198 1094 4264 Gteatus
1119 4210 1149 4263 et
1166 4200 1303 4285 Eurytus
1319 4202 1374 4267 filii
1389 4203 1474 4267 incre
1491 4202 1559 4267 Μο-

538 4316 636 4381 lionea
659 4326 691 4380 et
712 4314 871 4401 Neptuni,
897 4316 995 4381 habiti
1019 4340 1090 4381 vero
1115 4318 1266 4383 Moliones
1291 4328 1322 4383 et
1347 4322 1476 4384 Actoris.
1516 4320 1556 4384 In
1667 4314 1668 4321 ἵ

538 4434 663 4499 acholius
694 4434 849 4499 retentus
881 4437 1015 4499 narratio
1047 4444 1110 4513 est,
1142 4435 1211 4501 illos
1235 4437 1323 4523 prins
1347 4438 1467 4523 Augias
1490 4438 1559 4523 opi·
