3725 5542
820 720 884 783 tet

343 922 440 987 Fuere
470 943 540 985 cnm
571 920 664 984 sacris
695 919 797 1004 Ajacis
829 916 955 1003 Opunte
986 919 1152 983 certamina
1178 921 1363 1006 conjuncta,

342 1040 466 1105 nomine
491 1038 631 1122 Ajantia,
657 1044 692 1100 ut
714 1035 804 1100 docet
827 1035 1002 1099 scholiasta.

389 1160 463 1221 168.
498 1152 735 1237 ἐπεστεφάνωσε.
771 1153 851 1218 Fieri
875 1160 990 1237 potest,
1013 1160 1049 1217 ut
1064 1154 1162 1239 ipsam
1178 1156 1210 1219 in
1227 1158 1360 1240 Ajautiis

343 1280 528 1359 reportatam
545 1318 548 1326 ·
563 1294 706 1337 coronam
737 1272 824 1356 Ajaei
856 1272 952 1335 victor
982 1274 1219 1337 consecraverit:
1253 1274 1361 1352 Plato,

345 1390 392 1454 De
423 1388 518 1474 Legg.
550 1388 616 1452 XII
649 1390 713 1451 943
745 1410 762 1452 c
793 1387 892 1471 legem
923 1391 1087 1473 proponit,
1119 1398 1155 1454 ut
1186 1392 1229 1467 is,
1255 1392 1365 1475 quiin

346 1507 428 1573 bello
457 1507 499 1570 sit
529 1507 644 1590 optime
674 1505 820 1581 meritus,
852 1526 997 1569 coronam
1028 1506 1159 1591 accipiat
1189 1507 1366 1585 frondeum,

345 1646 474 1710 eamque
495 1644 566 1686 cum
590 1622 683 1687 titulo
707 1630 863 1685 consecret
886 1621 918 1685 in
943 1622 1058 1707 templo
1083 1623 1211 1708 alicujus
1228 1624 1364 1689 Deorum

345 1742 535 1808 bellicorum.
571 1740 792 1806 Verumtamen
827 1740 859 1805 id
895 1740 948 1804 hic
984 1741 1066 1826 apud
1101 1741 1269 1807 Pindarum
1303 1766 1365 1808 non

346 1866 490 1946 apparet,
514 1871 545 1923 et
568 1860 595 1922 si
617 1859 662 1922 ita
684 1866 766 1935 erat,
791 1858 937 1923 disertius
953 1857 1081 1923 Portam
1101 1859 1256 1923 dicturum
1273 1861 1366 1925 hrisse

345 1978 453 2042 credo:
485 1998 558 2061 ergo
589 1977 733 2041 victorem
766 1984 907 2061 agentern
939 1976 1053 2059 gratias
1076 1999 1160 2041 aram
1184 1979 1293 2051 θυσίαις
1315 1978 1365 2043 καὶ

346 2094 517 2172 στέμμασι,
541 2102 578 2157 ut
592 2092 759 2157 scholiasta
775 2093 835 2169 ait,
853 2114 976 2157 ornasse
992 2093 1141 2157 existimo.
1180 2094 1366 2179 Frequentia

347 2210 441 2295 hujus
475 2211 594 2294 generis
629 2209 767 2293 exempla
800 2227 891 2287 sunt,
924 2209 1009 2273 velut
1039 2212 1179 2275 sacerdos
1211 2212 1364 2297 Apollinis

348 2328 431 2414 apud
453 2326 546 2393 Hom.
571 2327 610 2393 Il.
634 2327 652 2391 I
674 2331 716 2391 39

540 2443 569 2509 εἴ
588 2446 658 2511 ποτέ
681 2467 723 2509 τοι
745 2444 879 2525 χαρίεντ’
905 2445 954 2510 ἐπὶ
978 2445 1040 2521 νηὸν
1063 2445 1171 2526 ἔρεψαι

347 2561 493 2626 Herculis
516 2561 606 2626 liberi
629 2561 784 2646 supplices
806 2560 893 2625 Jovis
917 2561 1001 2645 apud
1025 2561 1248 2641 Athenienses,
1273 2565 1366 2629 ιἰιέται

346 2677 485 2750 κάθηνται
520 2678 621 2756 βωμὸν
655 2678 917 2757 καταστέψαντες,
952 2678 1058 2763 Eurip.
1091 2679 1246 2745 Heraclid.
1283 2684 1365 2758 124,

347 2792 435 2860 Conl.
461 2797 532 2860 „712
566 2793 752 2875 βιαζόμεσθα
785 2796 835 2859 καὶ
867 2797 964 2876 στέφη
995 2799 1153 2873 μιαίνεται.
1201 2797 1363 2877 Ceterum,

345 2912 474 2997 reliquis
502 2920 593 2977 antea
623 2911 756 2977 laudatis
788 2913 940 2990 victoriis,
972 2914 1161 3000 praeclarum
1187 2914 1270 2979 hunc
1293 2916 1365 2981 facit

347 3028 444 3093 Poeta
474 3030 616 3093 carminis
647 3030 764 3093 exitum
771 3079 781 3108 ,
814 3031 995 3115 copulandis
1020 3032 1129 3095 Heroir
1152 3032 1299 3116 indigetis
1322 3034 1368 3118 ip·
1393 3059 1398 3069 ·

348 3146 474 3229 sineque
504 3143 640 3230 Opuntia
671 3158 703 3211 et
732 3146 931 3232 Epharmosti
959 3147 1145 3225 honoribus,
1170 3157 1218 3226 et,
1243 3150 1269 3212 si
1293 3149 1367 3214 haec

350 3271 504 3348 postrema
530 3263 591 3328 fuit
612 3263 811 3350 Bpharmosti
833 3266 979 3343 victoria,
1003 3265 1128 3330 cumulo
1152 3266 1277 3331 laudum
1301 3269 1366 3352 ejus

351 3382 383 3445 in
407 3380 574 3447 domestica
596 3381 687 3447 laude
709 3383 861 3467 ponendo.

726 3764 921 3831 OLYMPIA
945 3766 985 3829 X.

395 3971 573 4056 Agesidami
603 3971 694 4036 Locri
722 3972 918 4057 Epizephyrii
946 3972 1071 4036 victoria
1094 3995 1111 4036 a
1134 3972 1298 4037 scholiasta
1320 3997 1368 4038 ve·

350 4098 415 4155 tere
438 4092 565 4175 ponitur
587 4088 771 4174 Olympiade
793 4089 944 4154 LXXIV:
969 4099 1001 4155 at
1023 4091 1054 4156 in
1071 4090 1158 4155 Uret.
1176 4094 1204 4155 A
1220 4092 1366 4176 scriptum
1398 4123 1403 4133 ·

350 4218 398 4272 est
427 4209 553 4283 ἐνίκησαν
583 4206 668 4281 ἕκτην
694 4207 743 4270 καὶ
772 4208 898 4285 ἑβδόμην
920 4207 1136 4285 Ὀλυμπιάδας
1161 4230 1216 4292 pro
1239 4208 1366 4287 ἑβδόμην

349 4324 527 4390 Boeolrhius
550 4324 647 4389 edidit
669 4324 891 4401 ἑβδομηκοστήν.
938 4324 985 4388 De
1009 4332 1145 4409 ternpore
1168 4326 1311 4391 victoriae
1335 4336 1366 4390 et

350 4444 492 4509 carminis
515 4465 550 4508 ac
572 4443 611 4507 de
634 4442 683 4506 his
707 4442 831 4507 scholiis
854 4441 1081 4527 disputabimus
1104 4443 1142 4506 ad
1168 4466 1201 4507 vs
1223 4445 1274 4509 19.
