3725 5542
793 775 857 836 533
941 776 944 781 ’

366 980 417 1043 17.
452 976 557 1048 παῖδες
586 972 718 1041 Ἀλάτα.
753 971 852 1037 Vetus
884 970 1051 1037 scholiasta
1083 970 1194 1053 tradit,
1221 974 1330 1039 Aleten

320 1096 412 1160 fnisse
434 1095 532 1159 fllium
556 1093 728 1178 Hippotae,
753 1090 809 1153 filii
828 1090 1006 1175 Phyluntis,
1024 1091 1080 1156 filii
1096 1090 1257 1168 Antiochi,
1274 1091 1329 1154 filii

319 1211 478 1289 Herculis,
510 1232 642 1293 eumque
669 1208 828 1271 ductorem
850 1206 946 1270 luiss'e
969 1206 1203 1272 Heraclidarum
1227 1214 1258 1271 et
1281 1208 1329 1271 co'-

318 1328 417 1392 louiae
433 1326 574 1391 Corinthi
589 1324 789 1389 conditorem:
809 1322 980 1387 secundum
995 1322 1163 1408 Didymum
1180 1346 1250 1388 vero
1267 1332 1329 1387 n'on

319 1438 507 1503 conditorem
530 1438 584 1501 sed
606 1459 707 1521 regem
730 1436 825 1499 fnisse
848 1436 989 1500 Corinthi
1013 1458 1093 1503 anuo
1116 1444 1187 1521 post
1203 1437 1331 1502 Dorien-

320 1556 399 1620 sium
427 1555 594 1619 adveutum
615 1554 782 1638 trigesimo.
829 1552 1016 1631 Pausanias,
1039 1550 1076 1617 L.
1101 1552 1265 1617 110.Iv
1290 1556 1329 1631 3,

320 1672 446 1738 eandem
468 1671 677 1756 genealogiam
699 1671 847 1746 referens,
871 1691 951 1753 quae
974 1670 1006 1733 in
1030 1669 1147 1735 acholio
1165 1679 1225 1747 est,
1243 1670 1332 1734 Dori·
1384 1744 1393 1763 Δ,

320 1789 378 1853 dan
403 1796 434 1852 et
457 1786 657 1872 Hyauthidan
681 1808 698 1849 e
720 1787 816 1871 stirpe
840 1785 1038 1870 Omytiouis‚
1056 1787 1110 1870 qui
1125 1788 1234 1851 fuisset
1249 1782 1331 1852 filius

318 1904 417 1969 minor
446 1903 569 1988 Sisyphi
601 1912 632 1967 et
662 1904 755 1967 irater
777 1903 907 1991 Glauci,
931 1911 1000 1967 tum
1022 1926 1165 1987 regnasse
1188 1903 1332 1970 Corinthi

317 2020 428 2097 tradit,
464 2042 560 2104 quum
596 2019 700 2083 Aletes
731 2018 794 2082 dux
825 2018 1023 2083 Doriensium
1044 2020 1226 2099 adveniret:
1261 2020 1331 2083 illos

318 2143 419 2201 antem
443 2135 552 2200 Aletae
574 2135 746 2221 permisisse
765 2158 894 2221 regnum
909 2136 1016 2221 ibique
1031 2137 1194 2215 mansisse,
1212 2136 1331 2221 plebem

318 2276 388 2319 vero
412 2276 432 2317 a
451 2251 654 2316 Doriensibus
677 2252 789 2315 victam
809 2252 887 2316 urbe
911 2252 1069 2337 expulsam
1093 2274 1168 2316 esse.
1209 2252 1329 2317 Aletem

317 2372 444 2457 ejusque
469 2377 606 2455 posteros
629 2390 771 2453 regnasse
795 2392 848 2454 per
872 2371 1011 2455 quinque
1035 2378 1167 2434 aetates:
1186 2378 1263 2455 ‘post
1280 2391 1331 2434 eos

319 2488 503 2553 Bacchidem
535 2488 662 2572 ejusque
693 2488 819 2572 stirpem
850 2510 903 2572 per
933 2488 1008 2551 alias
1039 2495 1153 2552 aetates
1184 2488 1331 2573 quinque.

320 2604 415 2669 Filios
446 2604 553 2668 Aletae
577 2603 729 2667 Pindarus
753 2604 811 2667 hoc
834 2603 902 2668 loeo
925 2605 1083 2689 appellans
1108 2612 1201 2669 totam
1227 2605 1333 2669 (lorin-

320 2722 457 2785 thicrum
481 2722 635 2785 civitatem
659 2720 864 2805 amplectitur.

361 2837 432 2902 Jam
462 2859 542 2921 quae
572 2836 682 2914 modo,
715 2859 748 2899 vs
778 2840 816 2915 6,
840 2836 1025 2901 videbantur
1047 2860 1112 2902 esse
1135 2838 1265 2902 virtutes
1288 2838 1333 2902 iu·

317 2955 411 3018 dutae
449 2952 584 3017 Dearum
618 2953 770 3039 personis,
805 2973 889 3017 nnnc
924 2959 997 3016 sunt
1031 2952 1116 3017 Deae
1149 2954 1329 3033 munificae,

318 3091 397 3153 quae
419 3069 518 3133 multa
541 3068 709 3133 Corinthiis
734 3069 931 3134 victoriarum
948 3069 1074 3147 decora,
1091 3070 1190 3134 multa
1205 3070 1331 3134 iuventa

315 3187 492 3272 sapientiae
521 3186 696 3251 tribuerint.
743 3190 846 3271 Atque
883 3188 916 3251 in
952 3186 1101 3272 adjectivo
1136 3188 1327 3263 πολυάνθεμοι

316 3303 480 3388 uestigium
503 3311 550 3367 est
573 3305 639 3389 ejus
663 3306 849 3382 sententiae,
873 3326 936 3389 qna
959 3304 1062 3368 Horae
1084 3325 1140 3388 per
1162 3306 1235 3367 anni
1256 3312 1330 3369 tem-

315 3443 391 3507 pora
413 3429 554 3486 naturam
578 3420 617 3485 ad
639 3422 849 3486 maturitatem
871 3443 960 3486 suam
975 3420 1179 3506 perducerent
1194 3428 1225 3485 et
1240 3421 1329 3485 flores

287 3537 355 3601 ·ad
378 3538 491 3602 laetum
517 3538 661 3623 vigorem.
697 3537 786 3619 Quae
810 3539 993 3623 significatio
1013 3538 1199 3603 maturitatis
1216 3545 1247 3602 et
1261 3538 1329 3622 pul-

315 3654 480 3719 critudinis
501 3656 615 3720 mansit
638 3656 670 3720 in
693 3656 842 3741 adjectivo
865 3658 975 3737 ὡραῖος.
1011 3654 1167 3719 Hesiodus
1190 3677 1226 3720 eo
1245 3656 1328 3733 loco,

313 3792 406 3855 quem
421 3770 460 3835 ad
477 3793 510 3835 vs
528 3774 546 3834 6
564 3772 741 3849 attulimus,
759 3772 870 3837 henan
886 3771 1022 3857 appellat
1032 3773 1199 3837 τεθαλυῖαν.
1224 3770 1327 3849 Idem,

312 3886 374 3973 Op.
401 3891 459 3965 ⁷5,
484 3889 620 3954 Deorum
636 3890 829 3975 singulorum
844 3889 878 3954 iu
894 3889 1031 3954 ornanda
1046 3888 1188 3953 Pandora
1202 3910 1330 3953 munera

311 4005 509 4090 praedicans:

849 4122 933 4205 αμφὶ
961 4122 991 4186 δὲ
1013 4122 1104 4197 τήνγε

442 4237 543 4318 Ὧραι
566 4240 739 4316 καλλίκομοι
761 4239 871 4320 στέφον
892 4237 1005 4304 ἄνθεσιν
1027 4238 1178 4317 εἰαρινοῖσι.

309 4354 352 4419 Ιιι
368 4362 468 4420 vetere
484 4355 601 4421 scholio
617 4355 709 4421 etiam
725 4356 886 4442 explicatio
902 4365 949 4421 est
959 4356 1099 4433 ἀνδρείους
1113 4354 1190 4429 ὑμᾶς
1205 4350 1325 4433 θνεγιιεν

350 4473 450 4554 χρθνος
472 4475 522 4539 acl
540 4476 673 4547 συνετοὺς
688 4475 738 4540 καὶ
753 4474 870 4560 σοφούς.
894 4474 1030 4541 Videtur
1043 4472 1199 4539 Horarum
1215 4494 1326 4539 nomeu
