3725 5542
839 725 878 784 69

348 928 467 991 Jovis.”
482 930 505 1011 ¹)
553 930 655 1010 Atque
689 926 762 987 haec
795 933 856 988 tam
888 924 992 988 dulcia
1023 924 1179 989 laboribus
1211 924 1328 987 tributa
1350 946 1369 985 a

349 1046 450 1109 Musis
470 1045 605 1129 praemia
624 1043 727 1107 cadem
749 1042 936 1127 sempiterna
956 1051 1044 1105 sunt:
1065 1042 1283 1127 „Hymuorum
1306 1040 1370 1103 the-

348 1186 476 1227 sauram
495 1184 597 1246 neque
616 1160 763 1227 hibernus
783 1162 880 1226 imber
901 1160 1082 1237 adveniens,
1104 1160 1259 1224 lremcntis
1280 1158 1372 1223 nubis

348 1282 485 1345 insuavis
516 1280 684 1356 exercitus,
713 1302 768 1343 nec
793 1280 873 1344 venti
899 1278 1106 1362 quatieut3'2)
1152 1278 1276 1342 Excitat
1299 1301 1370 1341 vero

347 1406 487 1463 vetustas
517 1398 609 1462 Musa
639 1396 763 1475 laudes,
796 1398 959 1481 quaejam
982 1396 1202 1461 intermortuae
1226 1395 1372 1459 videban-

346 1526 416 1581 tur:
441 1515 597 1595 „Vetusta
620 1516 733 1579 dormit
754 1517 838 1593 laus,
862 1538 918 1579 uec
943 1516 1107 1580 meminere
1127 1515 1285 1593 mortales,
1308 1516 1367 1579 nisi

346 1634 433 1719 qnod
458 1656 597 1699 summus
617 1633 783 1717 sapientiae
804 1634 859 1697 flos
879 1632 1021 1716 gloriosis
1042 1634 1211 1697 carminum
1232 1632 1367 1696 fluxibus

346 1752 508 1837 atinga?
521 1752 546 1835 ³)

393 1870 581 1933 Emendasse
605 1878 707 1933 autem
732 1868 898 1932 Pindarum
924 1868 1059 1932 fabulam
1078 1868 1117 1931 de
1131 1868 1261 1931 Tantalo
1278 1876 1367 1931 antea

344 1987 537 2070 scripsimus.
553 1989 577 2071 4)
623 1986 670 2049 Ex
702 2007 763 2069 quo
796 1985 947 2063 vidimus,
970 1985 1139 2069 sejunxisse
1162 2007 1232 2048 eum
1257 2010 1275 2047 a
1297 1985 1366 2047 Diis

345 2104 532 2187 pravitatem
563 2102 738 2167 humanam.
786 2102 901 2166 Verum
934 2102 1041 2167 eodem
1073 2103 1247 2167 declaratur
1277 2102 1366 2167 rrobis

345 2230 549 2305 argumento,
574 2220 631 2283 hoc
655 2220 683 2283 ei
705 2220 800 2283 luisse
818 2220 954 2283 musicae
974 2242 1070 2283 unum
1091 2242 1219 2297 munus,
1242 2230 1278 2283 ut
1297 2242 1366 2283 vcra

345 2348 381 2403 et
411 2338 578 2402 laudabilia
609 2337 812 2431 praedicaret,
844 2360 901 2401 nec
928 2338 1086 2402 veritatem
1109 2338 1287 2403 obscuraret
1309 2360 1365 2403 uec

345 2454 560 2520 maledicendo
590 2454 803 2519 delectaretur.
850 2454 973 2519 Tantali
1005 2455 1140 2520 fabulam
1167 2465 1364 2519 narraturus:

344 2572 472 2652 „multa
493 2594 566 2637 sane
588 2574 679 2651 mira,
704 2574 822 2656 inquit,
847 2576 1002 2656 „fictaque
1025 2589 1119 2658 supra
1139 2574 1298 2638 veritatem
1319 2596 1367 2637 va·

345 2692 401 2755 riis
425 2690 590 2755 mendaciis
615 2690 705 2755 verbe
728 2690 840 2755 fallunt
863 2690 1030 2773 aliquando
1053 2699 1170 2755 mentes
1194 2690 1364 2756 hominum.

346 2810 473 2887 Gratia,
506 2830 584 2892 qnae
615 2808 718 2871 omnia
747 2808 853 2871 suavia
883 2809 957 2872 facit
985 2808 1185 2886 mortalibus,
1218 2809 1364 2872 bonorem

347 2928 489 2993 adferens
520 2924 699 2991 incredibile
731 2948 819 3011 saepe
851 2926 944 2989 etiam
973 2926 1047 2990 fecit
1077 2934 1113 2990 ut
1144 2949 1249 2990 verum
1275 2926 1367 2991 habe·

345 3054 449 3111 retur:
480 3044 535 3109 sed
563 3051 725 3128 sequentes
749 3042 814 3107 dies
837 3050 911 3107 sunt
933 3052 1027 3107 testes
1049 3042 1283 3128 sapientissimi:
1308 3065 1364 3127 ego

344 3164 492 3229 adversus
515 3162 631 3246 priores
654 3160 822 3244 dicam.''⁵)

393 3284 498 3365 Atque
529 3288 565 3344 ut
597 3280 629 3343 in
660 3280 716 3343 hac
748 3280 852 3344 labula
883 3279 1090 3356 emendando,
1115 3279 1214 3343 sicin
1237 3279 1305 3343 aliis
1328 3280 1366 3341 si·

346 3398 439 3465 lende
471 3398 623 3463 deteriora
653 3398 775 3475 vitavit,
805 3396 999 3481 officiumque
1027 3396 1153 3474 Musae,
1177 3398 1204 3460 si
1226 3404 1364 3481 poterat,

346 3542 410 3584 non
437 3517 520 3583 ultra
543 3538 631 3580 verae
654 3514 755 3580 laudis
780 3515 1037 3600 praedicationem
1061 3514 1277 3599 proferendum
1301 3539 1366 3578 csse

344 3635 561 3721 judicavisset:
602 3633 634 3697 in
669 3634 736 3718 ipsa
771 3632 894 3716 quidem
930 3632 1108 3697 laudatione
1144 3633 1366 3698 continentiam

347 3753 508 3831 adhibuit,
543 3760 579 3816 ut
611 3760 725 3816 arceret
755 3750 918 3815 invidiam:
933 3752 959 3835 6)
989 3750 1089 3814 multo
1119 3772 1189 3815 vero
1212 3752 1311 3835 magis
1333 3752 1365 3815 in

347 3870 508 3955 vituperiis
532 3870 684 3952 rebusque
707 3868 836 3953 ingratis
859 3868 1028 3931 orationem
1051 3868 1189 3931 retinuit.
1233 3868 1368 3933 Bellero·

346 3989 474 4074 phontis
505 3988 642 4071 egregias
673 3986 798 4064 laudes,
831 4008 928 4069 quum
956 3984 1098 4049 Corinthi
1121 3987 1297 4050 memoriam
1321 4008 1368 4050 or·

346 4116 449 4183 naret,
482 4126 687 4188 magnamque
718 4105 750 4167 in
782 4104 898 4187 Pegaso
929 4102 1082 4167 domando
1106 4102 1367 4189 opprimendaquc

386 4390 409 4451 1)
430 4391 467 4439 01.
485 4390 515 4439 Χ.
534 4390 573 4438 99.
750 4388 774 4449 2)
790 4388 832 4453 ry.
854 4388 893 4437 VI.
913 4388 953 4438 10.
1129 4388 1153 4449 8)
1170 4388 1230 4437 rur.
1252 4389 1307 4437 VII.
1325 4390 1367 4437 28.

381 4486 407 4545 4)
425 4482 496 4533 Coul.
510 4498 565 4549 pap.
584 4482 607 4532 8.
746 4482 770 4543 t)
790 4482 826 4531 01.
843 4483 865 4532 1.
883 4480 923 4531 ta.
1124 4481 1149 4542 θ)
1167 4482 1237 4531 conr.
1251 4498 1308 4547 pap.
1324 4484 1365 4533 08.
