3725 5542
1009 710 1073 772 4⁷4

532 909 559 972 si
581 908 666 993 legas
689 930 723 972 vs
747 909 789 971 61
812 907 850 973 ἔοι
872 909 1002 986 πόλεμον
1020 933 1048 974 κ.
1068 931 1096 972 τ.
1114 923 1159 982 λ..
1181 907 1300 986 rideas,
1317 917 1401 974 oerto
1417 911 1546 978 oonsilio

533 1049 552 1089 a
580 1024 716 1090 Pindaro
738 1024 911 1090 Mineruam
933 1025 1177 1110 praetermissam
1200 1047 1285 1103 esse,
1309 1049 1349 1092 ne
1372 1037 1546 1094 uarnrem

534 1144 651 1208 laetam
673 1145 811 1228 ipsorum
833 1143 971 1208 Deorum
994 1144 1075 1208 iuter
1097 1165 1130 1208 se
1152 1143 1321 1228 proelium,
1346 1153 1496 1212 ettamen
1511 1169 1548 1212 ea

534 1259 705 1326 Pindarum
735 1261 889 1346 attigisse,
921 1261 1035 1344 quibus
1068 1260 1208 1326 subesset
1238 1261 1415 1346 hujusmodi
1438 1263 1547 1350 proelii

534 1380 660 1444 mentio.
706 1379 862 1445 Proelium
885 1379 1030 1445 Herculis
1053 1379 1199 1446 adversus
1223 1379 1357 1445 Martem
1381 1384 1461 1448 cirea
1478 1405 1549 1448 ean-

534 1495 603 1561 dem
626 1497 739 1582 Pylum
761 1504 948 1562 memoratur
970 1496 1009 1561 ab
1033 1497 1186 1577 Hesiodo,
1211 1499 1260 1566 So.
1284 1500 1326 1564 Η.
1351 1504 1427 1566 859.

578 1616 633 1678 45.
668 1613 769 1691 τίναξε
778 1615 890 1695 χερσίν.
920 1613 1012 1679 Nem.
1025 1614 1042 1679 I
1056 1617 1547 1699 79ἐνχερ1τονὲσσωνφόσρινον.

578 1736 632 1798 46.
666 1734 751 1812 ἀμφὶ
774 1735 871 1799 Πύλον
894 1734 1020 1805 mte‘c.
1055 1733 1203 1800 Similiter
1225 1736 1421 1817 οἱμφνβοοίνενν
1446 1737 1484 1802 de
1498 1743 1551 1802 tu·

535 1854 597 1918 tela
620 1860 651 1917 et
673 1853 790 1917 auxilio
813 1851 872 1916 Dei
895 1852 989 1917 Hom.
1013 1852 1052 1917 Il.
1077 1852 1094 1917 I
1118 1855 1159 1918 8⁷
1184 1853 1215 1926 ὃς
1238 1857 1350 1932 Χρύσην
1369 1855 1548 1938 ἀμφιβέβη-

533 1996 610 2046 κας,
634 1972 745 2036 Aesoh.
770 1970 801 2034 S.
825 1993 853 2034 e.
875 1971 935 2034 uh.
962 1973 1025 2038 174
1048 1971 1181 2050 δαίμονες
1204 1973 1329 2054 λυτήριον
1352 1973 1551 2054 &porditum

534 2090 629 2155 πόλιν.

581 2209 634 2272 51.
668 2206 785 2288 ρ’ἄβδον.
820 2206 906 2270 Solet
936 2207 1114 2292 hujusmodi
1146 2209 1231 2293 virga
1258 2207 1413 2273 Mercurio
1436 2208 1550 2274 hibuit

533 2325 628 2390 Hom.
651 2325 712 2390 Od.
736 2323 846 2388 XXIV
873 2327 891 2389 1
916 2324 1090 2390 Mercurius
1113 2324 1240 2390 deducit
1256 2326 1373 2391 animas
1388 2347 1551 2411 prooomm

534 2442 705 2528 Penelopes

644 2564 754 2642 Ἑνννῑο
775 2562 806 2625 δὲ
827 2563 937 2642 ψυχὰς
959 2563 1116 2636 avulsus
1139 2560 1308 2638 ἐξεκαλεῖτο

644 2680 751 2758 ἀνδρῶν
772 2681 956 2759 μνηστήρων,
981 2678 1035 2760 ἕνον
1058 2679 1088 2744 u
1109 2679 1214 2760 eapte
1237 2681 1319 2755 μετὰ
1340 2682 1436 2762 κενοί·

645 2808 684 2880 τῇ
706 2799 730 2878 ρ”
751 2797 813 2874 ὅγε
833 2799 971 2872 κινήσας·
994 2797 1045 2861 ταὶ
1068 2797 1098 2862 δὲ
1120 2797 1263 2878 τρίζουσαν
1286 2795 1397 2863 ἕποντο.

535 2915 623 3002 virg.
648 2917 726 2980 Aen.
750 2915 797 2980 IV
822 2918 887 2980 242

602 3033 683 3098 'lum
706 3034 823 3118 virgam
846 3035 947 3118 capit:
970 3032 1028 3098 hae
1051 3033 1168 3098 animas
1191 3033 1245 3098 ille
1268 3041 1374 3098 eroeat
1397 3031 1478 3098 Orco

601 3151 775 3228 Pallentes,
806 3151 882 3214 alias
912 3151 971 3215 sub
1003 3150 1130 3215 Tartara
1158 3151 1258 3214 tristia
1280 3151 1387 3215 mittit.

534 3267 673 3333 Eandem
688 3269 804 3352 virgam
821 3267 949 3332 Plutoni
964 3268 1061 3332 tribui
1076 3289 1138 3332 nou
1155 3267 1230 3332 alibi
1242 3290 1290 3332 me
1302 3266 1403 3352 legere
1415 3267 1551 3332 memini.

581 3388 635 3450 52.
669 3386 779 3465 βρότεοι
800 3387 930 3463 σώματα
952 3383 1139 3450 θναοκδντων.
1175 3383 1215 3448 Id
1238 3393 1283 3450 ast
1299 3387 1428 3459 σώματα
1441 3385 1553 3464 βροτῶν

535 3503 723 3569 dusinus.
769 3501 816 3566 cf.
844 3524 924 3587 quae
947 3503 1162 3567 annotabimus
1185 3501 1225 3566 ad
1247 3525 1281 3566 vs
1307 3504 1380 3566 166.
1427 3501 1553 3566 Mirabi-

535 3622 608 3686 liter
638 3620 866 3705 quodammodo
894 3621 1025 3698 σώματα
1051 3620 1102 3685 hio
1125 3619 1319 3704 appellantur
1340 3627 1552 3696 mortuorum,

538 3762 616 3826 quae
639 3739 740 3804 solent
761 3739 863 3820 ψυχαὶ
886 3739 949 3804 diei
972 3738 1019 3804 vel
1042 3739 1166 3804 ellum:
1191 3738 1274 3823 apud
1298 3738 1468 3802 Homerum
1487 3739 1555 3822 qui·

539 3858 610 3922 dem
632 3859 666 3922 iu
684 3858 790 3922 inieris
809 3858 914 3942 Ulyssi
933 3859 1055 3923 obviam
1074 3859 1158 3922 veuit
1177 3859 1266 3936 ψυχὴ
1282 3855 1462 3942 Elpenoris,
1479 3879 1550 3922 uam

430 3981 437 3997 '
540 3983 629 4056 σῶμα
650 3978 684 4041 iu
707 3976 798 4041 domo
822 3976 924 4042 Circes
948 3975 1089 4041 relietum
1114 3985 1195 4040 erat:
1220 3974 1281 4038 Od.
1302 3973 1350 4040 Xl
1367 3977 1420 4039 53.
1443 3975 1553 4060 Ipsum

539 4096 636 4176 βροτοὶ
667 4096 706 4161 de
727 4096 858 4160 mortuis
880 4095 996 4160 dieitur
1019 4093 1129 4159 Aesoh.
1154 4093 1249 4158 Choe.
1277 4096 1357 4158 130:
1383 4094 1452 4159 vide
1474 4115 1553 4179 quae

541 4215 581 4280 ad
604 4238 674 4281 eum
696 4217 801 4280 locum
823 4216 1049 4280 annotavimus.

587 4337 640 4398 54.
675 4335 737 4399 eet
765 4357 815 4411 μοι
844 4333 942 4409 λόγον.
979 4330 1068 4396 cont.
1100 4331 1148 4396 De
1178 4329 1306 4394 Pindari
1331 4327 1403 4413 Sap.
1429 4351 1498 4414 pag.
1522 4330 1553 4391 9.

542 4451 687 4517 Ceterum
710 4450 863 4515 Pindarus
885 4448 1008 4513 Platoni
1032 4449 1112 4514 uam
1137 4448 1283 4533 praeivit,
1308 4447 1396 4531 cujus
1420 4453 1467 4508 est
1489 4467 1555 4510 seu·
