3725 5542
1010 718 1052 774 66

459 1000 462 1005 Δ
519 912 666 999 Pythium
682 914 857 999 Apollinem
874 914 1009 990 thronis,
1026 921 1180 977 aeternam
1195 915 1304 979 colunt
1321 917 1418 1000 patris
1434 915 1542 1001 Olym·

520 1032 563 1117 pii
592 1030 748 1096 laudem.”
762 1032 785 1114 ¹)
831 1031 1008 1095 Clarissima
1038 1054 1109 1095 vcro
1132 1032 1199 1115 ejus
1222 1032 1267 1095 vis
1290 1055 1326 1096 ac
1350 1035 1490 1118 potentia
1513 1035 1541 1099 si

520 1150 628 1214 debuit
651 1151 695 1214 ita
717 1149 881 1233 declarari,
905 1158 1026 1213 utnon
1049 1157 1172 1212 tantum
1191 1172 1258 1213 eam
1277 1150 1539 1234 intelligeremus,

519 1267 573 1331 se'd
603 1269 671 1351 ipso
702 1267 795 1331 simul
825 1289 1087 1331 commoveremur
1117 1268 1274 1351 exemplo,
1302 1290 1365 1332 non
1389 1269 1469 1333 alius
1493 1280 1542 1335 est

519 1384 680 1449 sublimior
715 1384 772 1448 hoc
803 1384 967 1448 Pindarico
998 1384 1103 1447 locus:
1134 1384 1245 1462 „'libi,
1277 1385 1396 1450 cithara
1427 1409 1538 1465 aurea,

520 1503 674 1565 auscultat
712 1502 851 1578 saltatio,
889 1502 1072 1587 principium
1107 1501 1289 1580 hilaritatis,
1324 1502 1539 1589 obediuntque

518 1628 674 1684 cantores:
699 1628 734 1683 tu
758 1619 836 1682 forte
859 1620 952 1682 etiam
974 1619 1092 1682 fulmen
1115 1620 1286 1702 exstinguis
1307 1622 1425 1684 aeterni
1443 1622 1536 1705 ignis.

521 1737 640 1800 Dormit
671 1737 703 1798 in
727 1744 846 1820 sceptro
868 1734 954 1798 Jovis
978 1734 1100 1818 aquila,
1124 1734 1276 1799 celeribus
1299 1737 1356 1800 alis
1379 1738 1539 1822 utrimque

520 1855 644 1930 solutis,
662 1854 767 1939 regine
783 1854 901 1931 avium,
918 1855 1099 1938 nigramque
1114 1876 1207 1917 curvo
1223 1856 1289 1939 ejus
1301 1856 1396 1940 capiti
1407 1857 1538 1934 nubem,

519 1972 661 2035 ciliorum
685 1971 807 2035 dulcem
830 1994 945 2049 seram,
969 1971 1121 2035 offundis:
1145 1971 1200 2035 ille
1222 1980 1353 2036 stertens
1376 1973 1537 2038 madidum

520 2098 641 2172 tergum
673 2087 851 2173 suspendit,
879 2090 943 2153 tuis
969 2089 1105 2174 jactibus
1136 2089 1263 2153 domita.
1298 2089 1414 2155 Verum
1445 2093 1539 2156 etiam

522 2206 605 2269 Mars
637 2205 808 2282 violentus,
832 2205 939 2270 relicto
962 2206 1071 2291 procul
1094 2206 1252 2271 hastarum
1274 2208 1433 2285 acumine,
1457 2209 1542 2272 fovet

521 2323 658 2387 animum
690 2322 782 2386 ludo:
816 2322 939 2407 telaque
969 2324 1106 2387 mulcent
1136 2325 1228 2388 etiam
1256 2324 1395 2389 Deomm
1420 2336 1540 2391 mentes

521 2440 674 2525 Apollinis
697 2440 848 2525 sapientie
870 2440 1134 2523 formosarumque
1153 2441 1325 2505 Musarum.
1364 2440 1540 2521 Quaecum-

520 2581 581 2642 que
615 2581 687 2622 vero
723 2580 784 2621 nou
819 2559 930 2621 amavit
961 2558 1101 2642 Jupiter,
1132 2567 1246 2623 terrore
1276 2559 1403 2644 fugiunt
1431 2584 1540 2625 vocem

521 2676 676 2741 Pieridum
708 2676 882 2754 audientia,
915 2685 996 2739 terra
1022 2677 1160 2759 marique
1182 2678 1347 2754 immenso,
1372 2680 1481 2762 etqui
1504 2680 1537 2743 in

520 2795 645 2860 terribili
670 2794 796 2857 'Partaro
816 2796 915 2879 jacet,
940 2792 1048 2877 Typho
1072 2793 1170 2857 hostis
1194 2794 1401 2878 Deorum.”²)

565 2910 662 2996 Cujus
693 2912 753 2975 loci
776 2911 1011 2996 intelligentiam
1036 2912 1180 2996 adjuvere
1203 2912 1385 2998 explicando
1409 2915 1538 2978 omnino

520 3027 643 3093 difficile
659 3038 718 3105 cst,
735 3052 775 3092 ne
790 3029 838 3091 vel
854 3029 977 3113 planius
992 3029 1148 3112 loquendo
1160 3031 1342 3093 seutentiam
1354 3029 1538 3095 deteriorem

520 3148 645 3224 faciam,
662 3148 710 3210 vel
726 3146 849 3230 singula
864 3146 1074 3231 persequendo
1091 3147 1218 3211 efficiam
1230 3170 1279 3225 ca,
1294 3169 1373 3231 quae
1383 3148 1539 3213 Pindarus

520 3265 684 3349 significari
707 3264 851 3327 noluerit.
888 3263 917 3326 N
920 3286 971 3327 am
988 3272 1147 3347 poetarum
1169 3265 1252 3328 varie
1270 3266 1348 3329 ratio
1365 3274 1427 3329 est:
1444 3265 1538 3330 modo

519 3382 642 3467 singula
669 3388 828 3467 premunt,
853 3390 890 3444 ut
912 3381 1132 3466 distinguenda
1153 3383 1229 3447 siut:
1254 3384 1347 3447 modo
1369 3392 1481 3448 cuncte
1503 3385 1537 3449 in

519 3498 646 3564 eandem
681 3499 863 3562 seutentiam
899 3499 1070 3563 conferunt.
1117 3500 1185 3564 Hoc
1219 3508 1321 3564 eutem
1355 3500 1424 3564 loco
1458 3501 1537 3565 nihil

522 3615 607 3679 aliud
631 3616 821 3699 significetur
843 3616 904 3679 uisi
928 3616 973 3678 vis
996 3638 1031 3679 ac
1054 3616 1193 3700 potentia
1215 3617 1350 3680 musicae
1373 3625 1404 3681 et
1425 3620 1538 3701 poesis.

521 3732 606 3797 Haec
629 3732 711 3795 enim
735 3731 912 3795 dominetur
935 3732 967 3795 in
990 3732 1151 3809 omnibus,
1175 3731 1269 3816 idque
1291 3733 1383 3797 modo
1402 3733 1536 3818 duplici,

519 3849 683 3913 mulcendo
715 3849 791 3926 alia,
824 3849 883 3913 alia
913 3850 1066 3912 terrendo.
1113 3847 1276 3933 Quidquid
1299 3849 1332 3913 in
1354 3850 1538 3915 mortalibus

519 3965 632 4029 bouum
665 3973 729 4042 est,
761 3964 912 4048 quidquid
944 3964 1080 4029 Deorum
1112 3973 1159 4029 est
1180 3965 1301 4049 ipsique
1323 3966 1378 4029 Dii
1400 3966 1539 4051 gaudem

518 4090 549 4147 et
572 4083 747 4147 mulcentur
770 4104 842 4147 voce
865 4082 1041 4160 Pieridum,
1066 4082 1120 4146 sed
1143 4092 1276 4148 terretur
1295 4083 1449 4167 quidquid
1467 4084 1538 4149 Diis

517 4202 650 4266 invisum
671 4210 726 4264 est.
763 4198 848 4279 Quid
868 4201 901 4263 in
921 4199 1100 4264 hominibus
1118 4200 1219 4264 choris
1239 4201 1387 4285 fastisque
1404 4202 1537 4267 melius?

551 4474 576 4529 ι)
596 4472 634 4522 01.
650 4474 717 4523 117.
736 4474 776 4523 10.
874 4475 900 4535 a)
919 4472 959 4539 ry.
977 4474 1004 4533 1,
1021 4473 1099 4523 inira.
