3725 5542
992 1055 1010 1135 t
1036 1058 1066 1114 4.

932 1290 978 1349 lle
995 1288 1127 1367 justitia.

565 1522 717 1587 Pindarus
741 1524 849 1606 quanti
869 1522 975 1585 fecerit
996 1522 1125 1605 gloriam
1144 1523 1358 1601 victoriarum,
1377 1548 1440 1589 non
1458 1549 1539 1609 opus

520 1650 567 1706 est
597 1642 718 1726 saepius
749 1640 858 1705 dicere.
906 1639 948 1703 Et
977 1648 1081 1703 tamen
1109 1639 1288 1704 divitiarum
1318 1642 1533 1727 splendorem,

521 1760 714 1825 octonarum
738 1768 881 1822 ornatum
905 1757 1064 1835 laudibus,
1088 1766 1155 1823 tum
1178 1758 1369 1825 laudandum
1393 1764 1534 1845 putavit,

520 1880 546 1941 si
580 1878 668 1961 quis,
702 1876 758 1960 qui
792 1898 862 1939 eum
897 1874 1025 1952 habeat,
1058 1876 1173 1960 cogitet
1203 1876 1326 1953 futura,
1358 1886 1536 1962 sortemque

520 1996 705 2073 meminerit,
726 2017 806 2079 quae
818 1996 918 2078 justos
934 2002 1056 2057 maneat
1072 2002 1287 2079 postmortem
1303 2003 1335 2058 et
1350 1996 1494 2081 injustos.
1509 1998 1536 2081 1)

520 2114 586 2179 Nec
604 2136 730 2178 coronas
750 2112 911 2197 Olympiae
932 2120 1053 2176 tantum
1073 2120 1104 2176 et
1124 2111 1265 2195 Pythone
1280 2122 1373 2196 atque
1388 2110 1535 2192 Nemeae,

520 2232 573 2297 sed
593 2256 643 2296 aas
663 2230 829 2315 aliquando
849 2238 952 2315 petere
967 2231 1075 2315 jussit,
1096 2231 1227 2314 quaein
1246 2230 1357 2294 insulis
1373 2230 1534 2295 beatorum

520 2352 557 2414 iis
588 2360 711 2435 paratae
743 2357 834 2426 sunt,
863 2348 917 2432 qui
944 2346 983 2411 ab
1005 2349 1089 2411 omni
1111 2357 1245 2411 mentem
1269 2348 1422 2433 injustitia
1444 2347 1536 2412 absti-

519 2490 590 2531 nere
621 2467 824 2551 potuennt-st)
874 2466 916 2528 llt
945 2466 1070 2529 omnino
1101 2465 1253 2549 ejusmodi
1284 2466 1351 2550 ejus
1382 2466 1535 2529 sententia

520 2586 597 2661 fuit,
630 2594 664 2647 ut
690 2584 844 2669 justitiam
876 2583 1017 2646 laudaret
1046 2592 1078 2647 et
1105 2582 1341 2647 commendaret.
1381 2582 1477 2647 Velut
1500 2585 1534 2647 in

520 2702 711 2767 adolescente
742 2700 935 2785 Thrasybulo
963 2724 1029 2766 eam
1057 2702 1202 2765 virtutem
1226 2723 1296 2765 cum
1320 2723 1439 2765 summa
1462 2724 1535 2784 erga

519 2830 634 2907 patrem
660 2821 773 2905 pietate
796 2821 990 2904 conjunctam
1014 2820 1134 2883 cecinit.
1147 2819 1172 2901 ⁸)
1218 2817 1376 2882 Poaumidi
1400 2817 1534 2882 Camari·

518 2962 594 3003 naeu
622 2946 657 3002 ut
684 2938 769 3001 Deus
796 2937 963 3001 benevolus
986 2938 1027 3001 sit
1049 2946 1079 3001 et
1102 2944 1208 3022 optata
1232 2936 1349 3001 tribnat
1372 2945 1532 3021 precatur,

518 3064 679 3141 propterea
708 3054 791 3140 quod
822 3064 890 3119 tum
921 3055 1048 3139 reliquia
1078 3054 1223 3118 laudibus
1254 3055 1295 3117 sit
1325 3054 1530 3138 conspicuus,

517 3182 584 3237 tum
618 3196 687 3239 vero
718 3174 835 3237 sincera
866 3182 967 3237 mente
997 3172 1034 3235 ad
1068 3170 1325 3255 tranquillitatem
1353 3171 1530 3255 patriaeque

518 3313 650 3355 amorem
682 3313 862 3356 conversus:
876 3292 899 3374 ⁴)
931 3289 1125 3373 eundemque
1147 3289 1303 3366 laudavit,
1328 3287 1413 3371 quod
1435 3312 1452 3352 e
1475 3288 1532 3351 dil·

518 3408 654 3473 ficultate
693 3408 782 3473 duxit
821 3409 852 3473 in
887 3407 988 3472 lucem
1022 3407 1173 3492 populum
1208 3428 1333 3470 suornm
1368 3406 1492 3470 civium.
1506 3404 1530 3488 ι)

518 3526 683 3591 Hieronem
707 3548 794 3603 vero,
818 3527 872 3609 qui
894 3526 1014 3610 regium
1032 3526 1065 3589 in
1084 3525 1230 3610 opulenta
1248 3524 1353 3587 Sicilia
1373 3532 1529 3607 sceptrum

517 3644 635 3721 tenuit,
663 3666 789 3727 carpens
817 3644 952 3707 culmina
974 3643 1104 3708 laudum
1127 3642 1284 3719 omnium,
1298 3644 1323 3725 ⁶)
1346 3662 1532 3726 magnopere

517 3770 548 3826 et
571 3761 692 3845 copiose
716 3760 896 3825 adhortatus
919 3770 979 3839 est,
1000 3770 1037 3825 ut
1052 3761 1206 3845 justitiam
1226 3758 1341 3823 coleret
1359 3759 1532 3841 vitaretqne

517 3879 681 3944 invidiam:
714 3877 786 3957 „Ne
812 3879 960 3957 laudes,’'
986 3879 1104 3963 inquit,
1130 3878 1297 3957 „remittat
1344 3875 1427 3961 Rege
1447 3876 1533 3961 justu

517 3996 725 4083 gnbemaculo
746 3997 911 4082 populum:
932 3996 972 4060 ad
987 3995 1132 4060 incudem
1146 3994 1270 4058 mentiri
1286 3994 1418 4057 nesciam
1433 3992 1532 4057 tunde

517 4114 663 4200 linguam.
689 4114 721 4177 Si
737 4114 812 4198 quid
828 4114 876 4179 vel
894 4137 1020 4199 parvum
1038 4112 1256 4198 praetervolat,
1268 4132 1416 4195 magnum
1427 4119 1532 4175 tamen

551 4404 574 4458 n
594 4403 632 4452 01.
650 4403 689 4452 n.
709 4402 763 4451 roa.
865 4402 890 4463 a)
910 4401 971 4450 [aa
991 4402 1052 4459 raa,
1069 4418 1124 4465 seqq
1230 4400 1257 4461 a)
1275 4400 1318 4465 q.
1338 4400 1381 4448 η.
1397 4398 1438 4450 aa.

550 4500 576 4559 a)
596 4498 633 4547 01.
651 4498 697 4547 rr.
715 4496 755 4545 aa.
864 4496 889 4558 a)
909 4496 946 4546 οι.
968 4497 994 4547 r.
1010 4497 1051 4546 aa.
1231 4492 1414 4557 a)01.1.2o.
