3725 5542
1005 673 1068 734 472

529 872 698 948 existimat,
722 879 754 934 et
777 870 891 936 idcirco
909 873 1031 936 laudari
1046 896 1064 936 a
1078 873 1174 937 Poeta
1190 879 1277 937 vetus
1292 875 1397 938 viuum
1406 922 1415 951 ,
1434 895 1467 936 rs
1485 877 1541 938 ts:

531 990 712 1068 Dissenius,
744 1015 811 1056 eam
842 991 1051 1057 laudationem
1075 995 1168 1057 etiam
1191 1015 1319 1078 pompae
1343 1003 1413 1076 post
1437 991 1543 1077 epulas

529 1111 692 1173 convenire
715 1112 908 1188 existimans,
933 1113 964 1175 in
990 1133 1101 1197 pompa
1116 1111 1147 1175 id
1164 1111 1279 1176 lactum
1297 1134 1362 1176 esse
1378 1112 1544 1176 arbitratur

530 1228 611 1292 iuter
636 1228 717 1292 laces
744 1228 902 1306 ardentes,
927 1251 1024 1313 eoque
1048 1231 1199 1314 pertinere
1222 1229 1348 1294 verbum
1371 1231 1546 1310 niumm

529 1368 563 1408 ss
587 1349 640 1410 34.
665 1346 782 1411 Verum
804 1355 935 1431 uterque
960 1348 1161 1433 praetermisit
1186 1349 1349 1434 remigium
1364 1357 1395 1413 et·
1410 1371 1544 1434 equum,

531 1466 591 1541 35,
624 1466 677 1528 36.
723 1463 904 1529 Debuerant
933 1464 1044 1530 addere
1076 1467 1200 1530 navium
1228 1467 1261 1530 in
1285 1475 1376 1551 portu
1402 1489 1545 1554 pompam

531 1587 562 1645 et
584 1582 701 1666 equites
724 1605 820 1667 prope
841 1584 875 1646 in
897 1582 1003 1661 litore,
1029 1605 1126 1668 eoque
1149 1583 1247 1648 hortis
1267 1587 1404 1662 consito,
1422 1593 1549 1671 propter

530 1702 640 1772 κᾶπον,
666 1720 699 1760 vs
722 1702 777 1762 40.

577 1819 630 1880 36.
664 1817 732 1888 ναὸς
755 1816 923 1896 drorrr‘pcc.
960 1817 1051 1881 Hom.
1077 1816 1136 1882 Od.
1163 1818 1210 1882 XI
1237 1821 1301 1883 124

661 1935 751 2014 εὐήρε’
774 1936 901 2012 ἐρετμὰ,
922 1934 964 1998 τά
986 1959 1021 1998 τε
1042 1936 1137 2011 πτερὰ
1160 1935 1239 2008 νηυσὶ
1264 1937 1413 2002 πέλονται.

578 2054 631 2116 38.
667 2054 692 2118 el
721 2054 774 2117 σύν
803 2065 866 2116 rtur.
901 2051 1085 2115 Persuasum
1114 2052 1226 2116 Poetae
1250 2063 1313 2128 est,
1339 2075 1371 2116 se
1395 2075 1456 2116 non
1480 2053 1548 2116 sine

532 2191 590 2254 ope
605 2168 709 2234 divina
724 2192 780 2233 sus
796 2171 932 2234 carmina
947 2191 1088 2254 pangere.
1112 2169 1264 2247 Πκλέμη,
1281 2171 1403 2256 proprie
1419 2191 1548 2246 manus,

533 2285 566 2350 h.
588 2286 610 2350 l.
635 2293 682 2350 est
699 2309 842 2371 praeseus
858 2286 1018 2350 auxilium.
1054 2286 1120 2350 Nec
1136 2287 1258 2368 μοιριδίῳ
1274 2287 1408 2370 canipe
1424 2285 1547 2351 differre

534 2403 656 2468 videtur
678 2426 696 2466 a
717 2405 780 2468 troo
802 2404 953 2484 παλάμᾳ,
978 2402 1029 2466 01.
1055 2403 1084 2466 X
1109 2407 1162 2467 25.

580 2524 633 2584 39.
669 2520 811 2600 ἑξαΙρετον
835 2519 964 2614 xxpr'rcn
987 2525 1090 2586 κᾶπον.
1126 2521 1262 2586 Hortum
1281 2521 1477 2596 Gratiarum,
1494 2520 1550 2603 qui

534 2638 609 2722 ipsis
642 2640 783 2723 proprius
813 2661 849 2703 ac
875 2639 1007 2704 dilectus
1032 2647 1088 2704 est.
1135 2639 1246 2705 Poesin
1270 2639 1433 2725 epiniciam
1457 2639 1551 2702 etiam

535 2755 626 2819 Nem.
658 2755 705 2819 IX
740 2759 801 2820 129
833 2757 873 2821 ad
903 2757 1027 2821 Gratias
1051 2757 1162 2834 refert,
1186 2757 1376 2843 eandemque
1400 2756 1550 2821 hocloco

536 2871 706 2956 significare
730 2873 864 2950 videtur,
888 2897 951 2938 uon
971 2875 1143 2938 universam
1161 2875 1283 2959 poesin,
1300 2873 1353 2938 sed
1370 2895 1453 2950 eam,
1470 2895 1550 2958 quae

535 2992 752 3057 suavmsimum
779 2991 1019 3056 decorandcmm
1043 2993 1240 3056 victoriarum
1264 2991 1398 3057 officium
1422 2991 1551 3056 habeat:

536 3109 695 3190 ἔξαίρετσνι
731 3132 808 3193 quas
841 3111 923 3195 ipsas
955 3132 1079 3194 quoque
1111 3110 1255 3174 victorias
1286 3109 1394 3173 iisdem
1427 3109 1553 3174 Deabus

536 3235 675 3313 acceptas
698 3227 808 3292 referre
831 3227 926 3290 solet:
951 3226 1013 3290 vid.
1038 3225 1088 3290 Ol.
1113 3226 1148 3290 Π
1174 3230 1215 3290 90
1227 3277 1236 3306 ,
1261 3225 1309 3291 IV
1335 3229 1385 3290 ll.
1423 3227 1472 3290 Ad
1488 3249 1554 3291 eas·

537 3345 607 3410 dem
631 3344 773 3409 victorias
795 3367 961 3428 earumque
985 3345 1147 3429 praeconia
1168 3345 1307 3430 respicit,
1325 3365 1495 3408 memorans
1510 3344 1553 3408 rel

537 3463 648 3543 τερπνά
671 3487 705 3525 vs
728 3465 782 3527 41.
828 3461 918 3526 Conf.
942 3459 993 3526 Ol.
1018 3460 1083 3525 VII
1111 3465 1161 3524 19.

584 3583 638 3644 41.
672 3580 789 3655 ὦγαθοί.
824 3579 947 3665 Spectat
980 3578 1018 3642 sd
1050 3579 1193 3642 victorias
1225 3577 1376 3656 ludicras,
1406 3579 1489 3659 σοφοὶ
1514 3579 1554 3642 ad

539 3696 655 3781 poesin.

584 3817 638 3878 48.
672 3815 746 3879 ἐπεὶ.
770 3813 948 3894 Quodnisi
971 3815 1014 3877 ita
1037 3821 1133 3890 esset,
1158 3821 1194 3876 ot
1218 3812 1366 3878 divinitus
1387 3812 1444 3877 viri
1462 3813 1555 3876 fortes

539 3941 572 3997 et
593 3933 746 4017 sapientes
767 3933 966 4010 exsisterent,
991 3953 1053 4016 quo
1076 3931 1168 3995 modo
1192 3929 1341 3994 Hercules
1360 3939 1476 3995 tantam
1492 3931 1552 3993 vir·

541 4058 640 4115 tutem
670 4059 823 4135 praestare
847 4051 1015 4135 potuisset,
1043 4059 1076 4112 ut
1100 4048 1244 4112 adversus
1267 4047 1351 4132 ipsos
1374 4048 1456 4112 Deos
1479 4070 1555 4133 pug-

542 4191 613 4232 nam
636 4168 824 4232 sustineret?
847 4168 952 4252 Hujus
976 4189 1048 4251 ergo
1073 4165 1212 4250 exemplo
1236 4164 1267 4228 id
1291 4165 1375 4248 quod
1392 4165 1470 4229 dixit
1485 4186 1555 4228 con·

543 4285 652 4349 firmat.
701 4285 747 4348 Dc
779 4286 919 4350 Herculis
944 4293 1044 4350 autem
1070 4284 1108 4346 ed
1132 4282 1242 4366 Pylum
1267 4283 1383 4367 proelio
1407 4283 1555 4367 scriptum

543 4410 589 4466 est-
620 4403 652 4466 in
678 4403 830 4467 veteribus
853 4402 997 4480 scholiis,
1022 4403 1137 4474 lactum
1160 4399 1192 4463 id
1216 4421 1299 4476 esse,
1324 4399 1396 4484 quis
1422 4399 1556 4475 Neleus,
