3725 5542
834 700 896 761 367

404 911 506 986 πρῶτον
529 904 611 982 nach
634 908 774 983 κρητῆρος
797 900 943 974 Ἑλλήνων
965 900 995 963 ἒν
1018 900 1118 971 αὐλοῖς

404 1022 554 1089 συνοποιδοδ
585 1021 714 1092 Πέλοπος
736 1018 856 1100 Μοοτοδο
879 1019 971 1096 ὀρείοις
994 1002 1115 1097 Φρύγιον
1137 1018 1239 1083 ἄεισον
1262 979 1366 1095 νόμον·

405 1143 447 1207 rol
471 1142 495 1206 δ’
516 1140 667 1223 ὀξυφώνοις
690 1138 832 1215 πηκτίδων
854 1144 988 1230 ψαλμοῖς
1010 1136 1104 1218 κρέκον

407 1261 508 1325 Λύδιον
531 1258 625 1338 ὕμνον.

362 1378 452 1445 Certe
474 1380 571 1445 Dorio
592 1379 751 1444 harmonia
774 1377 896 1443 videtur
917 1376 1013 1441 fuisse
1032 1376 1167 1460 gravior,
1185 1374 1294 1439 Aeolia
1308 1374 1368 1439 lae·

363 1500 437 1579 tior,
469 1498 622 1585 quomodo
650 1499 724 1585 ipsis
748 1498 866 1563 Aetolis
888 1498 986 1563 οἰκεῖον
1009 1498 1026 1571 ἡ
1048 1496 1228 1578 φιλοποσίαν
1253 1493 1367 1559 Athen.

362 1618 398 1684 L.
434 1618 510 1684 XIV
545 1643 575 1705 p.
612 1621 685 1683 624.
731 1616 845 1697 Luctui
881 1624 984 1681 autem
1019 1615 1248 1680 convenientem
1280 1614 1369 1678 Plato

362 1738 579 1822 Mixolydioam
610 1747 640 1801 et
670 1736 939 1822 Syutonolydicam
967 1734 1060 1798 dicit:
1084 1734 1222 1798 Ionicam
1245 1754 1316 1797 vero
1339 1739 1371 1796 et

362 1854 509 1941 Lydioam
531 1856 688 1920 remissam
712 1862 743 1919 et
766 1854 981 1932 convivialem,
1002 1855 1158 1929 μαλακὴν,
1173 1854 1369 1931 munerario,

363 1974 511 2055 χολοοοὶν.
557 1973 657 2059 Ergo,
689 1968 773 2059 quod
804 1972 988 2043 Plutarchus
1019 1972 1058 2037 de
1080 1971 1179 2057 Lydia
1202 1994 1220 2036 a
1241 1971 1371 2036 Platone

365 2092 426 2157 dici
458 2093 606 2179 explicat,
638 2092 670 2157 id
698 2094 735 2157 ab
761 2114 796 2157 eo
818 2114 881 2157 non
905 2092 944 2157 de
965 2091 1081 2177 Lydia.
1105 2078 1158 2156 s'ed
1181 2091 1220 2155 de
1242 2091 1371 2176 Mixoly·

365 2212 413 2276 dia
439 2220 470 2275 et
491 2211 712 2297 Syntonolydia
735 2212 851 2277 dietum
875 2212 944 2275 fuit.
975 2210 1065 2275 Certe
1089 2210 1150 2276 init
1171 2209 1271 2295 Lydia
1293 2210 1372 2275 festo

366 2337 397 2394 et
430 2330 522 2395 animi
556 2330 727 2395 remissioni
753 2331 952 2395 conveniens.
998 2329 1129 2395 Carmen
1158 2330 1216 2394 hoe
1247 2327 1373 2393 Pindari

366 2448 494 2534 Lydiam
526 2450 713 2515 harmoniam
744 2448 886 2515 habuisse
913 2448 1035 2513 videtur
1056 2450 1089 2513 in
1112 2448 1254 2514 victoriae
1277 2449 1372 2513 festo:

368 2590 446 2647 non,
477 2576 514 2633 ut
536 2566 692 2633 Boeolrhio
720 2568 835 2655 placet,
859 2568 891 2633 in
915 2568 1153 2654 supplicatione:
1177 2590 1265 2646 nam,
1290 2567 1373 2652 quod

367 2686 419 2751 ille
450 2688 510 2766 ait,
540 2710 604 2752 eam
628 2688 817 2753 harmoniam
842 2686 941 2753 luctui
965 2710 1030 2753 ease
1052 2697 1169 2774 aptam,
1193 2687 1276 2751 haud
1300 2688 1374 2750 satis

368 2814 451 2869 certo
482 2805 622 2871 affirmari
652 2806 855 2872 ostendimus:
888 2830 946 2872 neo
974 2806 1076 2872 luctus
1105 2806 1187 2871 idem
1213 2812 1260 2871 est
1282 2814 1375 2890 atque

368 2924 568 3009 supplicatio:
600 2947 673 3004 nec,
705 2926 731 2991 ai
762 2926 820 2991 hoo
851 2925 974 3011 quidem
1005 2948 1093 2991 versu
1116 2924 1212 2990 Poeta
1242 2924 1317 2989 dicit
1343 2948 1375 2989 se

369 3041 537 3127 supplicem
568 3044 606 3108 ad
635 3043 741 3109 Jovem
773 3046 892 3125 venire,
916 3046 1031 3110 ideirco
1054 3052 1151 3109 totum
1175 3065 1296 3109 carmen
1320 3065 1375 3129 pro

370 3160 590 3245 supplicatione
612 3162 686 3227 fuit:
711 3163 804 3229 habet
827 3164 950 3249 quidem
973 3165 1071 3237 etiam,
1088 3172 1242 3247 praeterea
1256 3164 1377 3228 invoca·

370 3280 484 3345 tionem
508 3288 538 3344 et
561 3282 794 3367 appellationem
817 3282 1007 3362 Numinum,
1029 3282 1082 3348 sed
1107 3282 1186 3347 nihil
1203 3281 1294 3347 habet
1310 3283 1377 3346 tris·

369 3400 457 3464 titiae
480 3400 526 3465 vel
549 3402 704 3466 moeroris.
739 3402 786 3468 Cf.
812 3402 862 3481 Ol.
887 3404 921 3468 II
946 3405 1087 3468 25-27.

415 3516 558 3617 Ceterum
570 3518 645 3600 ,fieri
668 3542 757 3606 posse
780 3521 938 3600 existimo,
963 3531 999 3585 ut
1017 3520 1110 3586 tibiae
1126 3518 1298 3605 appellatae
1313 3517 1377 3581 siut

371 3634 499 3720 Lydiae,
517 3659 578 3701 non
596 3650 719 3723 propter
734 3638 938 3717 harmoniam,
955 3638 1007 3703 sed
1024 3638 1110 3722 qnasi
1127 3638 1214 3722 epieo
1230 3635 1376 3721 epitheto.

372 3753 505 3839 Phryges
529 3762 682 3835 auctores,
706 3766 736 3822 et
755 3757 949 3843 Hyaguidem
965 3757 1116 3842 Phrygem
1132 3756 1265 3841 primum
1281 3754 1377 3818 luisse

371 3872 513 3938 tibiarum
548 3882 700 3939 auctorem
733 3878 877 3942 memoria
906 3884 953 3942 est
982 3876 1064 3962 apud
1097 3873 1295 3939 Plutarchum
1330 3872 1378 3937 De

373 3990 454 4055 Mus.
484 3990 520 4055 Ο.
549 3991 621 4057 Vll.
671 3994 768 4059 Aliter
790 3995 914 4079 quidem
938 3996 1004 4080 ipse
1027 3993 1196 4072 Pindanrs,
1219 3990 1274 4077 Py.
1299 3989 1378 4055 XII.

372 4108 446 4187 Sed,
470 4131 566 4193 quum
589 4111 713 4176 omnino
736 4112 818 4198 apud
841 4112 1039 4177 Plutarchum
1063 4110 1237 4199 Phrygibus
1255 4131 1290 4173 ea
1305 4130 1376 4195 pars

374 4228 506 4294 musicae
529 4229 695 4307 tribuatur,
719 4239 766 4313 et,
791 4240 827 4296 ut
849 4255 886 4297 ex
907 4232 1066 4297 Athenaeo
1081 4228 1289 4306 ostendimus,
1306 4250 1378 4292 oum

375 4346 531 4433 Phrygum
562 4350 684 4419 nomine
714 4370 824 4415 nomen
858 4350 1011 4437 Lydorum
1042 4350 1294 4434 conjungeretur:
1323 4346 1380 4410 lor·

376 4472 456 4530 tasse
486 4490 520 4531 ex
554 4468 729 4553 hujusmodi
761 4468 923 4565 traditione
953 4470 1046 4534 tibiae
1069 4466 1185 4552 Lydiae
1206 4464 1380 4530 nominatae
