3725 5542
979 995 1058 1076 ιι.

889 1228 937 1290 Dc
959 1227 1147 1291 maturatio.

558 1462 706 1537 Omnem,
740 1482 832 1543 quam
864 1460 1062 1543 exposuimus
1093 1470 1202 1539 antea,
1234 1461 1360 1526 Pindari
1392 1464 1432 1527 de
1463 1466 1533 1530 Dns

512 1576 694 1640 sententiam
730 1575 881 1661 ejusmodi
912 1598 977 1641 esse
1004 1578 1069 1661 jam
1100 1584 1167 1641 tum
1198 1578 1463 1664 intelligebamus,
1497 1593 1534 1647 ut

512 1692 678 1756 modestiae
713 1715 748 1757 ac
784 1692 1003 1778 temperantiae
1039 1695 1172 1758 maxima
1202 1694 1274 1759 inde
1304 1698 1532 1763 commendatio

512 1812 678 1875 exsisteret.
726 1810 808 1875 Nam
839 1812 967 1875 interest
997 1811 1056 1875 hoc
1086 1813 1167 1876 inter
1200 1812 1282 1877 Deos
1313 1822 1345 1879 et
1373 1814 1533 1894 homines,

510 1928 594 2013 quod
614 1950 670 1992 nos
691 1928 835 1992 mortales
856 1950 963 1992 snmus
978 1938 1147 2013 nostraque
1162 1930 1279 1995 caduca
1294 1940 1385 2010 sunt,
1402 1932 1531 1997 illorum

512 2068 583 2110 vero
602 2046 719 2132 etipsa
738 2068 803 2109 sors
823 2045 1020 2112 mortalitatis
1039 2046 1186 2111 immunis
1201 2056 1234 2113 et
1248 2049 1413 2134 imperium
1428 2072 1532 2114 rerum

512 2170 685 2227 nostrarum
716 2185 810 2248 penes
841 2162 911 2226 illos
943 2171 1000 2227 est
1047 2162 1137 2243 Quae
1166 2165 1320 2229 sententia
1348 2165 1463 2249 ipsam,
1495 2166 1534 2229 de

514 2304 575 2365 qua
605 2280 697 2346 modo
725 2281 921 2365 scripsimus,
949 2281 1103 2365 justitiam
1130 2283 1277 2347 continet.
1323 2280 1407 2347 Nam
1433 2282 1530 2347 divini

514 2400 730 2465 moderaminis
765 2399 911 2483 cogitatio
946 2421 1009 2463 non
1041 2399 1173 2464 delectat
1203 2408 1338 2465 mentem
1367 2400 1530 2466 hominum

514 2518 705 2594 invidorum,
730 2516 783 2581 scd
808 2516 845 2580 ad
869 2517 1032 2581 terminum
1058 2516 1192 2600 aliquem
1209 2517 1301 2581 nimis
1323 2517 1533 2602 longinquum

515 2635 724 2719 adspirantes,
757 2634 904 2718 infligunt
934 2656 991 2698 suo
1022 2634 1083 2718 ipsi
1113 2633 1216 2699 animo
1246 2634 1360 2699 vulnus
1389 2636 1533 2714 foedum,

516 2753 695 2837 prinsquam
722 2752 956 2829 nanciscantur,
984 2773 1064 2834 quae
1087 2759 1189 2815 mente
1211 2752 1360 2837 cogitant.
1375 2754 1400 2833 ¹)
1445 2752 1536 2833 Quae

516 2870 640 2953 quidem
664 2868 901 2953 intemperantia
923 2868 1005 2953 parit
1027 2868 1203 2933 invidorum
1225 2869 1410 2934 calumniam
1434 2878 1466 2934 et
1488 2870 1534 2935 in·

514 2988 678 3072 justitiam.
692 2987 716 3071 ¹)
751 2988 855 3070 Atque
874 2986 941 3071 ipsa
960 2986 1058 3070 ipsius
1073 2986 1094 3048 J
1095 2986 1220 3050 ustitiae
1234 2986 1299 3049 filia
1313 2986 1535 3071 Tranquillitas

519 3106 604 3170 novit
631 3114 662 3169 et
688 3105 786 3169 facere
813 3104 917 3168 dulcia
940 3111 1115 3189 opportuno
1137 3112 1274 3189 tempore
1297 3113 1328 3168 et
1351 3105 1435 3189 pati,
1459 3105 1537 3170 invi·

518 3222 648 3307 diaeque
670 3244 833 3287 occurrens
857 3221 1032 3305 superbiam
1055 3221 1216 3305 opprimit:
1241 3221 1393 3306 optimum
1414 3220 1538 3287 lucrum

518 3349 581 3419 est,
601 3340 685 3426 quod
706 3340 818 3423 aliquis
838 3364 856 3403 a
875 3338 997 3402 volente
1019 3338 1111 3414 ferat,
1127 3338 1181 3402 sed
1196 3338 1242 3402 vis
1257 3338 1338 3402 mole
1352 3339 1419 3403 ruit
1432 3362 1499 3403 sua.
1512 3340 1539 3423 ⁸)

519 3459 603 3545 Ergo
638 3464 780 3543 appetere
814 3456 931 3533 aliena,
966 3454 999 3519 id
1030 3465 1077 3519 est
1106 3455 1258 3540 injustum
1288 3479 1371 3533 esse,
1403 3457 1538 3541 primum

519 3577 656 3641 omnium
680 3583 764 3640 vetat
787 3598 839 3653 ea,
864 3597 944 3659 quae
967 3574 1052 3639 dccet
1078 3574 1242 3652 mortales,
1265 3575 1479 3659 temperantia.

566 3694 750 3779 Exemplum
774 3714 845 3757 rero
869 3692 1048 3768 Coronidis,
1074 3713 1153 3775 quse
1172 3713 1269 3776 quum
1288 3691 1416 3757 haberet
1434 3715 1538 3758 semmr

522 3811 695 3895 Apollinis,
713 3811 828 3895 sprevit
843 3810 941 3874 stulta
956 3811 1022 3894 ejus
1034 3810 1111 3873 iram
1123 3809 1270 3893 aliudque
1281 3811 1459 3896 concupivit
1469 3832 1542 3875 oon·

522 3928 670 4007 nubium,
695 3928 734 3991 ad
757 3928 873 3993 multos
897 3928 1049 4013 pertinere
1071 3927 1137 4012 ipse
1160 3934 1252 4011 podta
1266 3927 1362 3991 dixit:
1378 3927 1542 4005 „absentia

523 4048 660 4133 cupivit,
684 4047 768 4130 quod
793 4045 964 4109 admittunt
986 4045 1095 4111 multi:
1120 4054 1167 4109 est
1189 4046 1222 4109 in
1241 4046 1422 4111 hominibus
1441 4069 1541 4131 genus

523 4164 713 4229 levissimum
736 4186 857 4241 eorum,
885 4165 941 4247 qui
967 4171 1198 4229 contemnentes
1226 4186 1282 4227 sua
1309 4172 1451 4249 spectant
1473 4165 1540 4228 lon·

560 4436 582 4486 ll
600 4436 642 4501 Py.
661 4435 700 4484 ΙΙ.
720 4434 775 4485 185.
877 4435 902 4495 8)
917 4434 954 4482 01.
974 4434 1012 4481 [Ι.
1031 4432 1087 4485 lis.
1188 4434 1213 4493 8)
1230 4434 1272 4499 Q
1293 4432 1368 4483 VIII.
1388 4432 1477 4483 1-20.
