3725 5542
823 683 885 746 :3:37

347 886 397 951 Ol.
432 885 513 949 VIII
546 889 597 948 tt.
644 884 773 962 Tamen,
806 906 900 968 quum
932 886 990 970 ipsi
1023 886 1163 949 Dioscuri
1197 886 1353 971 hospitum

348 1004 588 1091 adjuvandorum
620 1001 711 1067 laude
743 1002 932 1068 celebrentur
964 1003 1022 1067 hoc
1050 1004 1182 1068 carmine
1206 1027 1238 1067 vs
1265 1007 1300 1082 l,
1325 1013 1355 1067 et

345 1125 408 1208 ipse
427 1122 527 1187 Thero
546 1118 596 1185 Ol.
621 1120 653 1185 ΙΙ
677 1123 735 1197 11,
759 1121 815 1185 hoc
835 1121 960 1207 quidem
981 1122 1047 1185 loeo
1068 1121 1216 1206 quaedam
1232 1121 1355 1186 subesse

347 1250 448 1327 potest
482 1239 700 1325 hospitalitatis
734 1240 935 1325 significatio,
971 1261 1033 1305 nou
1067 1239 1165 1304 verbis
1197 1262 1354 1325 expressa,

348 1382 451 1424 verum
483 1360 509 1423 si
540 1381 574 1424 ea
605 1358 799 1444 hospitalitas
831 1380 901 1426 eum
933 1358 1019 1422 cultu
1046 1357 1265 1423 Dioscurorum
1288 1346 1357 1421 oon·

345 1481 453 1565 juncta
479 1480 546 1543 luit.
594 1477 756 1542 Geuitivus
787 1478 894 1557 βροτῶν
926 1498 988 1541 non
1019 1498 1088 1541 cum
1111 1476 1225 1549 ἕεινίιιις
1247 1478 1355 1557 σριιπὲ·

354 1596 416 1677 ζσιις
440 1598 619 1681 conjunctus
644 1608 706 1673 est,
730 1594 784 1660 sed
807 1617 874 1675 oum
899 1595 1293 1680 superlationem,
1320 1606 1355 1659 ut

354 1714 557 1800 significetur,
592 1737 610 1777 a
643 1714 762 1778 nemine
794 1712 988 1777 Emmcuidas
1018 1713 1105 1777 cultu
1138 1712 1355 1777 Dioscurorum

356 1856 501 1919 superari.

396 1953 447 2017 tt.
477 1953 612 2017 reserate.
644 1949 734 2015 Certa
754 1949 902 2036 quaedam
921 1950 1139 2015 Dioscurorum
1160 1972 1244 2016 sacra
1263 1951 1357 2016 fuisse

352 2071 511 2148 videntur,
536 2070 573 2134 ab
596 2068 783 2134 ummeniuis
806 2070 942 2154 impense
964 2078 1078 2133 curata.

399 2192 449 2255 75.
485 2187 573 2253 Conl.
597 2186 648 2253 Ol.
673 2188 809 2253 linitio.

400 2311 449 2374 ts.
487 2307 611 2372 οἴκοθεν.
648 2305 687 2370 Vi
709 2307 801 2371 insite
814 2316 854 2370 -et
876 2308 993 2391 impetu
1014 2328 1078 2371 suo.
1100 2307 1146 2371 Οἱ.
1169 2306 1224 2371 lst,
1246 2307 1291 2370 lv
1318 2312 1353 2370 la

809 2425 924 2491 Olaolea
949 2424 1023 2492 orol-

621 2560 716 2610 λιιισιι
739 2543 856 2611 ἅπτονθ’
878 2547 1072 2626 Ἡρακλείαις.

356 2660 420 2726 Nec
450 2661 637 2727 dissimiliter
667 2683 703 2727 eo
734 2662 876 2727 adverbio
906 2663 1006 2728 utitur
1036 2663 1256 2728 Demosthenes
1287 2662 1354 2727 adv,

355 2781 512 2866 Aristogit.
547 2783 608 2847 tio
640 2782 780 2863 stapleton
812 2781 841 2847 δὲ
866 2788 950 2849 τοῦτο
981 2782 1077 2848 σέλαι
1100 2782 1133 2847 τὸ
1156 2786 1288 2862 arpinus
1309 2783 1356 2848 ἐπὶ

354 2910 407 2977 rie
428 2900 549 2967 ἑκσὶστσυ
568 2901 683 2983 φύσεως
702 2899 821 2967 stotev-
845 2902 981 2966 oratione
999 2923 1062 2966 nou
1079 2923 1262 2988 magnopere
1281 2924 1358 2988 opus

353 3042 435 3099 esse,
463 3019 517 3085 sed
540 3042 602 3088 rem
622 3018 803 3106 jamdudum
828 3041 884 3084 suo
907 3042 1059 3107 quemque
1078 3021 1196 3107 judicio
1219 3028 1358 3087 utentem

351 3139 504 3226 judicasse
528 3140 572 3203 ita
594 3148 630 3203 ut
652 3141 799 3226 cujusque
822 3148 949 3205 naturae
972 3140 1178 3206 conveniebat.

400 3260 452 3324 is.
486 3258 519 3323 τὸ
543 3258 647 3337 πόρσω.
682 3258 808 3345 Saepius
840 3259 1007 3325 Columnas
1038 3260 1179 3325 Herculis
1209 3282 1279 3324 cum
1302 3269 1360 3324 ter·

355 3377 438 3441 mino
473 3376 585 3462 gloriae
620 3392 651 3442 et
685 3377 838 3443 felicitatis
869 3389 1041 3466 comparat,
1074 3380 1155 3444 ultra
1184 3400 1275 3464 quem
1297 3401 1358 3444 non

355 3495 573 3581 adspirsndum
604 3519 658 3561 uec
688 3496 872 3583 sperandum
903 3498 961 3561 sit:
993 3497 1078 3563 velut
1107 3496 1196 3563 Nem.
1222 3496 1279 3561 IIL
1297 3501 1358 3576 85,

355 3614 402 3678 lv
427 3617 489 3678 112
514 3622 560 3691 et,
585 3637 676 3699 quem
699 3615 799 3681 locum
823 3616 913 3681 modo
937 3617 1114 3694 attulimus,
1138 3617 1195 3681 Ist.
1215 3616 1262 3680 IV
1286 3619 1336 3680 19.

402 3736 453 3797 81.
489 3736 519 3799 ul
542 3736 608 3810 plu.
644 3734 830 3800 Sententiam
862 3737 1033 3820 generalem
1061 3736 1219 3821 exprimit:
1248 3756 1360 3799 vanum

357 3872 421 3915 esse
454 3852 615 3917 cousilium
650 3852 774 3938 gloriam
811 3854 975 3939 superandi
1011 3855 1153 3919 victoriae
1189 3851 1358 3938 Olympiae.

357 3967 498 4033 Ceterum
531 3970 588 4035 hoc
619 3994 679 4037 uou
712 3995 747 4037 eo
774 3975 924 4059 pertinet,
948 3986 984 4039 ut
1006 3974 1167 4038 admoneat
1189 3972 1359 4037 'l'heronem

357 4097 387 4152 et
418 4087 455 4153 ab
487 4090 588 4174 aliqua
620 4092 713 4155 nimia
735 4092 902 4178 cupiditate
926 4093 1094 4170 deterreat,
1119 4092 1172 4158 sed
1196 4093 1299 4178 potius
1322 4090 1360 4154 od

358 4206 592 4293 praedicandum
617 4210 735 4295 insigne
758 4212 872 4295 gloriae
895 4212 1065 4295 festigium,
1090 4233 1152 4295 quo
1174 4212 1272 4295 majus
1295 4210 1361 4275 uul-

359 4326 423 4390 lum
448 4348 511 4415 esse
536 4328 641 4413 possit.
