3725 5542
824 748 888 809 491

347 944 385 1009 ad
410 948 545 1030 proxima
568 946 767 1031 respondeat,
790 947 904 1013 idcireo
927 946 1088 1031 posteriori
1112 947 1227 1031 protasi
1243 946 1363 1031 adjecta

347 1072 391 1129 eat
416 1065 567 1148 particula
587 1067 657 1149 retr,
681 1066 732 1130 eui
755 1066 921 1150 respondet
944 1066 1087 1150 apodoais
1109 1070 1194 1131 τοῦτο
1219 1065 1259 1129 δέ.

391 1180 534 1247 Ceterum
560 1183 636 1248 aliae
659 1184 722 1247 viaa
746 1206 812 1247 eoae
835 1183 903 1247 aliia
926 1183 1049 1267 longina
1074 1181 1278 1266 producentes
1302 1204 1364 1245 non

344 1299 414 1363 ideo
441 1300 516 1366 dieit
538 1301 707 1379 Pindarus,
733 1309 768 1366 ut
790 1302 908 1386 aliquas
932 1302 1104 1387 deprimat,
1130 1299 1182 1364 sed
1207 1308 1243 1364 ut
1266 1306 1366 1363 oeten·

345 1416 416 1495 dat,
441 1419 474 1483 in
493 1440 717 1503 magnatorum
734 1420 919 1503 optimarum
936 1418 1121 1503 praestantia
1139 1418 1234 1483 alium
1252 1425 1363 1481 natura

344 1558 401 1600 aua
422 1535 462 1601 ad
484 1537 575 1601 aliam
598 1560 664 1601 ease
686 1537 817 1603 laetum:
835 1544 979 1621 potuerat
994 1535 1095 1601 dieere
1110 1536 1249 1621 plenius,
1265 1534 1361 1601 tatae

344 1654 400 1718 otei
422 1652 539 1737 ἄλλοις,
564 1676 668 1719 verum
683 1654 715 1718 id
731 1676 794 1719 non
810 1662 876 1720 erat
889 1654 1111 1733 necessarium,
1129 1676 1225 1739 quum
1242 1654 1365 1718 brevius

345 1770 456 1837 dietam
481 1772 664 1837 sententiam
686 1771 753 1856 ipae
777 1794 867 1857 porro
890 1771 1037 1856 explicet,
1064 1772 1123 1846 μίαν
1145 1771 1171 1835 δ’
1194 1773 1252 1851 οὐχ
1268 1768 1363 1836 eirea·

346 1911 412 1961 τας.
460 1890 497 1953 In
521 1889 614 1955 verbo
639 1890 756 1971 τρέφειν
778 1889 914 1973 aliquam
937 1889 1085 1955 evelendi
1110 1888 1285 1972 gloriaeque
1308 1888 1364 1950 inr-

346 2006 520 2091 partiendae
550 2006 805 2091 significationem
836 2005 936 2069 inease
967 2006 1124 2071 eriatimo:
1157 2004 1236 2069 oonl.
1270 2000 1319 2067 Ol.
1345 2003 1364 2067 Ι

349 2126 429 2201 180,
453 2123 483 2187 X
509 2125 584 2187 115.
608 2121 709 2188 Veron
737 2125 798 2187 loo
821 2128 907 2187 τοῦτο
931 2116 1018 2187 ἆθλον
1043 2122 1101 2185 hoo
1124 2123 1225 2207 ipsum
1241 2144 1361 2187 carmen

346 2264 428 2319 esee,
452 2249 484 2306 et
506 2240 598 2305 verbo
620 2240 724 2321 ὤρνσνιι
748 2238 875 2303 Poetam
898 2262 931 2304 se
954 2239 1055 2326 ipsum
1079 2238 1250 2327 appellare,
1275 2239 1362 2303 laeile

348 2358 555 2445 intelligitur..

392 2480 528 2566 Reapieit
550 2486 654 2547 antem
677 2456 846 2559 Pindarus,
871 2481 909 2546 de
933 2483 1024 2547 variis
1040 2482 1096 2545 viis
1113 2460 1228 2566 gloriae
1243 2480 1364 2559 dioena,

348 2617 411 2663 non
445 2600 541 2684 magia
576 2598 615 2664 ad
648 2598 887 2684 Epharmoatum
921 2620 1014 2683 quarn
1050 2600 1087 2663 ad
1120 2622 1170 2677 aa,
1203 2616 1298 2683 quum
1332 2598 1364 2663 in

346 2712 550 2799 Epharmosto
581 2715 706 2801 quidem
735 2715 829 2781 robur
859 2716 1077 2793 admiraretur,
1108 2717 1174 2801 ipse
1197 2726 1300 2781 autem
1324 2713 1364 2779 ad

323 2904 327 2912 ,
345 2834 451 2917 poesin
471 2841 562 2898 notua
578 2844 673 2899 esset:
689 2841 797 2917 eatque
811 2834 909 2899 totiua
925 2833 985 2898 looi
1000 2834 1152 2898 sententia
1168 2832 1364 2918 hujusmodi=

342 2952 469 3037 juvante
502 2952 568 3017 Deo
599 2960 631 3017 et
659 2961 772 3016 natura
800 2951 900 3036 gloria
931 2952 1070 3036 peritur,
1102 2958 1203 3016 oetera
1234 2950 1364 3016 debilia:

345 3068 459 3135 ideiroo
482 3077 586 3133 tantae
608 3077 732 3154 umque
748 3068 863 3133 multae
879 3068 1085 3154 Ephermoato
1101 3070 1187 3134 fuere
1203 3068 1363 3134 victoriae:

318 3208 450 3251 ·vernm
480 3209 577 3273 quum
609 3188 687 3252 aliua
718 3187 779 3251 alia
809 3188 922 3252 virtuto
954 3188 1100 3264 excellat,
1129 3188 1223 3273 inque
1246 3186 1367 3251 artibus

344 3303 486 3389 gloriosis
516 3305 617 3389 poeaia
644 3303 769 3389 quidem
791 3305 833 3369 sit
856 3305 969 3384 uduo,
996 3313 1031 3371 nt
1053 3305 1129 3370 haee
1152 3326 1276 3389 qnoque
1299 3326 1368 3389 pro·

344 3421 424 3485 leeto
454 3421 605 3486 divinitus
637 3424 815 3508 contingat:
848 3433 883 3488 tu
914 3424 1058 3509 quidem,
1087 3424 1174 3507 eujus
1198 3423 1366 3487 fortissima

343 3538 406 3602 tela
428 3538 521 3604 Musa
543 3540 660 3617 nutrit,
684 3540 805 3605 fortiter
826 3552 883 3606 tua
905 3542 968 3607 tela
991 3542 1096 3621 mitte,
1121 3551 1151 3606 et
1171 3562 1292 3606 carmen
1308 3540 1367 3606 hoo

344 3656 477 3722 audente
504 3658 606 3722 animo
630 3659 675 3723 fer
697 3658 770 3723 torti
793 3661 871 3724 viro.

390 3776 464 3839 ldl.
500 3778 614 3859 σιφίιιι.
649 3775 719 3841 Hoe
742 3798 805 3841 uno
828 3777 897 3842 loeo
921 3777 1035 3863 plurali
1050 3802 1178 3845 numero
1196 3780 1279 3866 apud
1294 3780 1367 3844 Pin·

342 3890 474 3956 darum
491 3900 524 3956 at
545 3893 652 3973 rixam
675 3892 726 3958 Ol.
752 3893 817 3960 VII
841 3898 900 3972 65,
925 3894 1016 3961 Nom.
1040 3895 1058 3959 1
1081 3898 1134 3961 86.
1179 3897 1273 3983 Apud
1295 3897 1366 3961 Pla·

340 4015 462 4086 tonem,
486 4009 630 4093 Epinom.
656 4033 685 4095 p.
712 4014 774 4077 tat
800 4012 821 4077 d
843 4013 901 4084 raia
916 4012 1035 4093 πρόσθεν
1051 4016 1178 4095 coplae,
1196 4015 1364 4100 sapientiae

340 4125 388 4191 vol
413 4126 540 4211 peritiae
568 4149 691 4211 genera.

388 4246 461 4309 loe.
497 4245 611 4325 epota.
647 4245 694 4308 ne
725 4244 849 4310 oemio
872 4246 971 4311 leona
995 4247 1110 4312 nacitur
1132 4216 1236 4332 aput.
1261 4247 1362 4312 anon.

340 4361 456 4444 Argon.
488 4360 535 4424 lv
561 4364 664 4438 laaa,
697 4361 805 4447 llpiat..
828 4362 913 4428 Petri
946 4364 961 4428 l
995 4387 1022 4429 o.
1047 4363 1076 4425 V
1105 4366 1135 4428 8.
1182 4365 1229 4429 De
1252 4386 1364 4451 magno

339 4476 471 4542 elamore
499 4478 641 4545 flentium
674 4478 791 4547 Herod.
825 4479 879 4547 ΠΙ
913 4484 995 4559 117,
1029 4482 1211 4546 laetantium
1238 4480 1285 4545 lv
1311 4484 1362 4554 75.
