3725 5542
831 756 894 829 329

537 955 636 1037 δάφνᾳ
658 980 692 1020 τε
715 953 827 1038 χρυσέᾳ
847 956 942 1034 νόμοις
965 957 1174 1031 uvadium&

358 1074 398 1137 Et
422 1075 491 1140 Deli
514 1075 624 1140 olivam
643 1076 707 1161 jam
730 1073 973 1141 memoravimus.
1014 1076 1061 1139 De
1085 1098 1146 1161 qua
1169 1076 1259 1138 etiarn
1284 1072 1365 1158 apud

360 1194 537 1280 Euripidem
561 1202 607 1259 est

668 1352 712 1363 -
732 1314 873 1394 Ἄρτεμιν
895 1314 1021 1395 auxio,

623 1429 645 1496 ἃ
668 1432 749 1513 rapa
772 1430 884 1499 Κύνθιον
906 1430 991 1513 ὄχθον
1013 1434 1097 1508 οἰκεῖ,

624 1550 740 1631 Φοίνικά
764 1550 789 1615 θ’
812 1550 982 1631 ἁβροκόμαν

623 1670 739 1751 δάφναν
761 1672 788 1736 τ’
811 1672 925 1750 εὐερνέα
947 1671 998 1735 xxi

622 1794 761 1866 ροοοκᾶο
784 1789 892 1855 sarm
913 1790 970 1870 ἱρὸν
992 1789 1107 1859 arua.

358 1903 460 1991 lphig.
484 1905 519 1969 Τ.
548 1909 642 1972 1097.

403 2028 455 2091 32.
490 2024 571 2103 ξυνδν
593 2028 753 2108 ἀνθρώποις.
790 2027 886 2113 Cujus
908 2027 1018 2092 umbra
1040 2028 1143 2091 ouuoti
1167 2027 1239 2090 lasti
1258 2026 1366 2089 forent.

404 2148 455 2209 33.
491 2146 541 2222 ἤδη
564 2147 633 2228 γὰρ.
669 2146 717 2211 De
740 2146 889 2211 institutis
914 2147 975 2211 aris
998 2148 1136 2232 festoque
1159 2168 1244 2211 saoro
1260 2155 1290 2209 et
1306 2145 1368 2230 ple·

358 2265 477 2330 nilunio
509 2267 765 2351 praestantissima
796 2264 922 2331 Pindari
950 2267 1084 2331 narratio
1114 2273 1161 2329 est
1183 2263 1234 2329 01.
1259 2264 1289 2328 X
1313 2268 1365 2327 51.

359 2384 501 2449 Instituit
535 2394 686 2449 certamen
722 2384 887 2463 Hercules,
924 2394 959 2449 ut
992 2385 1034 2452 ibi
1069 2385 1214 2463 traditur,
1249 2383 1368 2448 devicto

361 2506 482 2589 Auges:
518 2505 572 2589 qui
606 2526 701 2589 quum
735 2503 902 2569 mercedem
937 2504 1009 2569 dare
1041 2493 1206 2581 doluisset,
1239 2502 1367 2588 patriam

361 2627 426 2709 ejus
460 2624 531 2709 igne
565 2625 704 2707 ferroque
737 2622 885 2688 Hercules
916 2623 1050 2709 perdidit
1079 2624 1241 2709 ipsumque
1272 2630 1369 2686 morte

361 2742 490 2828 punivit.
529 2738 631 2806 Labor
654 2764 741 2820 vero,
765 2742 852 2827 enjus
876 2720 1045 2808 mercedem
1068 2742 1120 2806 ille
1143 2764 1205 2807 non
1228 2740 1367 2817 dederat,

360 2862 420 2925 fuit
451 2860 578 2925 Herculi
608 2862 774 2947 septimus,
807 2869 843 2925 ut
873 2870 919 2925 est
947 2863 980 2925 iu
1003 2860 1191 2945 Anthologia
1212 2859 1370 2924 Planudea
1487 2883 1493 2895 ·

362 2978 397 3044 L.
421 2978 467 3043 Π
492 2982 533 3042 92

493 3098 614 3177 ἕβδομον
636 3100 762 3175 Αὐγείου
786 3100 896 3172 πολλὴν
919 3099 1020 3180 κόπρον
1042 3098 1217 3179 ἐξεκάθνρεν.

361 3215 498 3313 Quartus
522 3239 591 3281 vero
613 3218 712 3281 fuerat
735 3218 854 3283 venatio
877 3240 998 3295 nervae,
1025 3226 1059 3282 ut
1082 3227 1138 3282 est·
1149 3216 1262 3282 ibidem

447 3336 625 3418 χρυσόκερων
647 3334 758 3418 ἔλαφον
781 3339 861 3413 μετὰ
883 3314 1114 3417 τοῦτ”ἥνρενοε
1137 3339 1282 3416 τέταρτον.

362 3454 523 3518 Existimat
554 3462 657 3518 autem
680 3454 836 3539 Heynius,
867 3454 1036 3521 Pindarum
1059 3454 1197 3519 ordinem
1219 3464 1369 3529 mutasse,

362 3585 393 3638 et
424 3584 492 3668 post
520 3574 658 3659 lugeam
682 3574 835 3639 devictum
859 3584 890 3639 et
913 3576 1023 3639 festum
1047 3574 1224 3638 institutum
1248 3573 1370 3638 heroem

265 3774 267 3777 Ι
361 3691 399 3756 ad
422 3714 541 3756 cervam
564 3692 742 3777 capiendam
765 3692 885 3757 abiisse.
932 3692 1026 3773 Quod
1049 3714 1111 3756 non
1134 3692 1178 3756 ita
1201 3700 1256 3755 est.
1298 3688 1370 3753 Duo

361 3812 485 3876 inerunt
519 3811 688 3877 seeundum
718 3811 885 3876 Pindarum
917 3812 1059 3877 Herculis
1089 3811 1127 3875 ad
1160 3810 1371 3896 Hyperboreos

359 3932 477 3996 itinera.
524 3930 679 3995 institutis
709 3932 768 3995 aris
800 3932 940 4015 festoque
970 3931 1048 3996 vidit
1081 3930 1244 4007 Hercules,
1269 3929 1370 3993 locum

360 4074 424 4116 esse
455 4051 590 4128 undum,
609 4074 755 4136 -enmque
787 4051 946 4116 arboribus
977 4052 1129 4115 oousitnm
1160 4072 1224 4114 esse
1255 4047 1370 4111 voluit:

360 4168 472 4234 idoiroo
496 4192 582 4246 eum,
614 4194 646 4233 vs
670 4172 728 4247 45,
753 4170 785 4245 u,
809 4170 871 4235 τότ’
893 4170 1012 4234 animus
1037 4169 1160 4254 impulit
1182 4175 1220 4231 ut
1242 4166 1279 4229 ad
1307 4164 1371 4249 Hy·

361 4288 575 4373 perboreorum
606 4288 759 4372 regionem
789 4289 1029 4373 proficisceretur
1059 4297 1090 4350 et
1119 4286 1190 4350 inde
1217 4291 1370 4369 praestan·

363 4408 494 4472 tissimus
518 4405 638 4470 arbores
662 4414 790 4492 peteret,
816 4429 891 4491 quas
913 4405 957 4470 ibi
972 4406 1058 4491 prius
1074 4404 1240 4469 admiratus
1256 4402 1369 4479 furerat,

365 4548 460 4611 quum
491 4526 522 4591 in
554 4525 608 4589 illu
637 4524 703 4590 looa
727 4526 856 4591 venisset
882 4547 994 4591 venans
1016 4546 1134 4590 cervam
1156 4522 1297 4587 cornibus
1320 4542 1372 4585 au·
