<?xml version="1.0" encoding="UTF-8"?>
<!DOCTYPE html PUBLIC "-//W3C//DTD XHTML 1.0 Transitional//EN"
    "http://www.w3.org/TR/xhtml1/DTD/xhtml1-transitional.dtd">
<html xmlns="http://www.w3.org/1999/xhtml" xml:lang="en" lang="en">
 <head>
  <title>
</title>
<meta http-equiv="Content-Type" content="text/html;charset=utf-8" />
  <meta name='ocr-system' content='tesseract 3.04.00' />
  <meta name='ocr-capabilities' content='ocr_page ocr_carea ocr_par ocr_line ocrx_word'/>
</head>
<body>
  <div class='ocr_page' id='page_1' title='image "./pindaricarminao01pindgoog_0022.png"; bbox 0 0 3725 5542; ppageno 0'>
   <div class='ocr_carea' id='block_1_1' title="bbox 1015 712 1055 773">
    <p class='ocr_par' dir='ltr' id='par_1_1' title="bbox 1015 712 1055 773">
     <span class='ocr_line' id='line_1_1' title="bbox 1015 712 1055 773; baseline -0.025 0"><span class='ocrx_word' id='word_1_1' title='bbox 1015 712 1055 773; x_wconf 88' lang='grc'><strong>10</strong></span> 
     </span>
    </p>
   </div>
   <div class='ocr_carea' id='block_1_2' title="bbox 519 908 1537 2287">
    <p class='ocr_par' dir='ltr' id='par_1_2' title="bbox 520 908 1537 1349">
     <span class='ocr_line' id='line_1_2' title="bbox 523 908 1536 997; baseline 0.004 -24"><span class='ocrx_word' id='word_1_2' title='bbox 523 929 620 991; x_wconf 89' lang='lat' dir='ltr'><strong>quum</strong></span> <span class='ocrx_word' id='word_1_3' title='bbox 650 908 699 971; x_wconf 85' lang='lat' dir='ltr'><strong>vel</strong></span> <span class='ocrx_word' id='word_1_4' title='bbox 729 908 865 973; x_wconf 86' lang='lat' dir='ltr'><strong>fabulam</strong></span> <span class='ocrx_word' id='word_1_5' title='bbox 896 910 1072 974; x_wconf 77' lang='lat' dir='ltr'><strong>emendaret</strong></span> <span class='ocrx_word' id='word_1_6' title='bbox 1098 911 1144 974; x_wconf 86' lang='lat' dir='ltr'><strong>vel</strong></span> <span class='ocrx_word' id='word_1_7' title='bbox 1168 914 1334 997; x_wconf 82' lang='lat' dir='ltr'><strong>corrigeret</strong></span> <span class='ocrx_word' id='word_1_8' title='bbox 1355 936 1392 978; x_wconf 88' lang='lat' dir='ltr'><strong>ea</strong></span> <span class='ocrx_word' id='word_1_9' title='bbox 1414 914 1536 992; x_wconf 84' lang='lat' dir='ltr'><strong>studia,</strong></span> 
     </span>
     <span class='ocr_line' id='line_1_3' title="bbox 521 1025 1537 1117; baseline 0.007 -27"><span class='ocrx_word' id='word_1_10' title='bbox 521 1047 600 1109; x_wconf 88' lang='lat' dir='ltr'><strong>quae</strong></span> <span class='ocrx_word' id='word_1_11' title='bbox 623 1048 715 1111; x_wconf 84' lang='lat' dir='ltr'><strong>prava</strong></span> <span class='ocrx_word' id='word_1_12' title='bbox 734 1025 896 1111; x_wconf 90' lang='lat' dir='ltr'><strong>judicaret.</strong></span> <span class='ocrx_word' id='word_1_13' title='bbox 939 1027 1003 1115; x_wconf 17' lang='lat' dir='ltr'><strong>‘Ille</strong></span> <span class='ocrx_word' id='word_1_14' title='bbox 1026 1050 1096 1093; x_wconf 83' lang='lat' dir='ltr'><strong>vero</strong></span> <span class='ocrx_word' id='word_1_15' title='bbox 1116 1029 1251 1094; x_wconf 88' lang='lat' dir='ltr'><strong>multum</strong></span> <span class='ocrx_word' id='word_1_16' title='bbox 1268 1053 1391 1116; x_wconf 89' lang='lat' dir='ltr'><strong>quoque</strong></span> <span class='ocrx_word' id='word_1_17' title='bbox 1411 1032 1537 1117; x_wconf 82' lang='lat' dir='ltr'><strong>perfecit</strong></span> 
     </span>
     <span class='ocr_line' id='line_1_4' title="bbox 520 1143 1537 1235; baseline 0.01 -28"><span class='ocrx_word' id='word_1_18' title='bbox 520 1143 656 1207; x_wconf 89' lang='lat' dir='ltr'><strong>silendo:</strong></span> <span class='ocrx_word' id='word_1_19' title='bbox 689 1144 766 1228; x_wconf 93' lang='lat' dir='ltr'><strong>quid</strong></span> <span class='ocrx_word' id='word_1_20' title='bbox 797 1145 878 1209; x_wconf 91' lang='lat' dir='ltr'><strong>enim</strong></span> <span class='ocrx_word' id='word_1_21' title='bbox 908 1168 927 1209; x_wconf 92' lang='lat' dir='ltr'><strong>a</strong></span> <span class='ocrx_word' id='word_1_22' title='bbox 954 1147 1121 1231; x_wconf 88' lang='lat' dir='ltr'><strong>jactatione</strong></span> <span class='ocrx_word' id='word_1_23' title='bbox 1147 1156 1298 1213; x_wconf 91' lang='lat' dir='ltr'><strong>remotum</strong></span> <span class='ocrx_word' id='word_1_24' title='bbox 1322 1151 1436 1235; x_wconf 77' lang='lat' dir='ltr'><strong>magis,</strong></span> <span class='ocrx_word' id='word_1_25' title='bbox 1460 1152 1537 1235; x_wconf 92' lang='lat' dir='ltr'><strong>quid</strong></span> 
     </span>
     <span class='ocr_line' id='line_1_5' title="bbox 521 1262 1199 1349; baseline 0.006 -26"><span class='ocrx_word' id='word_1_26' title='bbox 521 1262 688 1346; x_wconf 87' lang='lat' dir='ltr'><strong>sapientiae</strong></span> <span class='ocrx_word' id='word_1_27' title='bbox 712 1263 908 1346; x_wconf 88' lang='lat' dir='ltr'><strong>conjunctius</strong></span> <span class='ocrx_word' id='word_1_28' title='bbox 932 1286 1023 1347; x_wconf 90' lang='lat' dir='ltr'><strong>quam</strong></span> <span class='ocrx_word' id='word_1_29' title='bbox 1047 1264 1160 1329; x_wconf 84' lang='lat' dir='ltr'><strong>silere?</strong></span> <span class='ocrx_word' id='word_1_30' title='bbox 1174 1267 1199 1349; x_wconf 88' lang='lat'><strong>¹)</strong></span> 
     </span>
    </p>

    <p class='ocr_par' dir='ltr' id='par_1_3' title="bbox 519 1379 1537 2287">
     <span class='ocr_line' id='line_1_6' title="bbox 566 1379 1536 1467; baseline 0.006 -26"><span class='ocrx_word' id='word_1_31' title='bbox 566 1380 670 1462; x_wconf 78' lang='lat' dir='ltr'><strong>Atque</strong></span> <span class='ocrx_word' id='word_1_32' title='bbox 700 1379 792 1464; x_wconf 90' lang='lat' dir='ltr'><strong>hujus</strong></span> <span class='ocrx_word' id='word_1_33' title='bbox 824 1380 940 1444; x_wconf 89' lang='lat' dir='ltr'><strong>silentii</strong></span> <span class='ocrx_word' id='word_1_34' title='bbox 971 1382 1145 1465; x_wconf 83' lang='lat' dir='ltr'><strong>exemplum</strong></span> <span class='ocrx_word' id='word_1_35' title='bbox 1175 1384 1208 1445; x_wconf 91' lang='lat' dir='ltr'><strong>in</strong></span> <span class='ocrx_word' id='word_1_36' title='bbox 1231 1383 1367 1467; x_wconf 86' lang='lat' dir='ltr'><strong>ejusdcm</strong></span> <span class='ocrx_word' id='word_1_37' title='bbox 1392 1384 1536 1449; x_wconf 85' lang='lat' dir='ltr'><strong>Herculis</strong></span> 
     </span>
     <span class='ocr_line' id='line_1_7' title="bbox 519 1495 1536 1579; baseline 0.007 -20"><span class='ocrx_word' id='word_1_38' title='bbox 519 1495 697 1560; x_wconf 75' lang='lat' dir='ltr'><strong>laudatione</strong></span> <span class='ocrx_word' id='word_1_39' title='bbox 717 1496 819 1561; x_wconf 85' lang='lat' dir='ltr'><strong>videre</strong></span> <span class='ocrx_word' id='word_1_40' title='bbox 838 1498 918 1561; x_wconf 91' lang='lat' dir='ltr'><strong>licet.</strong></span> <span class='ocrx_word' id='word_1_41' title='bbox 955 1497 1108 1563; x_wconf 83' lang='lat' dir='ltr'><strong>Novimus</strong></span> <span class='ocrx_word' id='word_1_42' title='bbox 1127 1521 1201 1563; x_wconf 89' lang='lat' dir='ltr'><strong>sane</strong></span> <span class='ocrx_word' id='word_1_43' title='bbox 1216 1500 1384 1565; x_wconf 87' lang='lat' dir='ltr'><strong>Herculeos</strong></span> <span class='ocrx_word' id='word_1_44' title='bbox 1400 1502 1536 1579; x_wconf 73' lang='lat' dir='ltr'><strong>labores,</strong></span> 
     </span>
     <span class='ocr_line' id='line_1_8' title="bbox 520 1614 1534 1699; baseline 0.006 -22"><span class='ocrx_word' id='word_1_45' title='bbox 520 1622 613 1697; x_wconf 83' lang='lat' dir='ltr'><strong>atque</strong></span> <span class='ocrx_word' id='word_1_46' title='bbox 647 1614 679 1677; x_wconf 91' lang='lat' dir='ltr'><strong>in</strong></span> <span class='ocrx_word' id='word_1_47' title='bbox 714 1614 812 1698; x_wconf 73' lang='lat' dir='ltr'><strong>poetis</strong></span> <span class='ocrx_word' id='word_1_48' title='bbox 844 1616 981 1699; x_wconf 83' lang='lat' dir='ltr'><strong>antiquis</strong></span> <span class='ocrx_word' id='word_1_49' title='bbox 1012 1617 1087 1679; x_wconf 86' lang='lat' dir='ltr'><strong>iram</strong></span> <span class='ocrx_word' id='word_1_50' title='bbox 1116 1616 1249 1681; x_wconf 84' lang='lat' dir='ltr'><strong>Junonis</strong></span> <span class='ocrx_word' id='word_1_51' title='bbox 1279 1618 1350 1681; x_wconf 87' lang='lat' dir='ltr'><strong>ferri</strong></span> <span class='ocrx_word' id='word_1_52' title='bbox 1380 1626 1534 1683; x_wconf 86' lang='lat' dir='ltr'><strong>tantarum</strong></span> 
     </span>
     <span class='ocr_line' id='line_1_9' title="bbox 520 1731 1535 1820; baseline 0.005 -25"><span class='ocrx_word' id='word_1_53' title='bbox 520 1753 643 1796; x_wconf 89' lang='lat' dir='ltr'><strong>causam</strong></span> <span class='ocrx_word' id='word_1_54' title='bbox 666 1731 885 1795; x_wconf 75' lang='lat' dir='ltr'><strong>molestiarum.</strong></span> <span class='ocrx_word' id='word_1_55' title='bbox 932 1732 1071 1797; x_wconf 87' lang='lat' dir='ltr'><strong>Multum</strong></span> <span class='ocrx_word' id='word_1_56' title='bbox 1093 1742 1197 1798; x_wconf 91' lang='lat' dir='ltr'><strong>antem</strong></span> <span class='ocrx_word' id='word_1_57' title='bbox 1219 1742 1252 1798; x_wconf 91' lang='lat' dir='ltr'><strong>et</strong></span> <span class='ocrx_word' id='word_1_58' title='bbox 1273 1757 1363 1820; x_wconf 86' lang='lat' dir='ltr'><strong>saepe</strong></span> <span class='ocrx_word' id='word_1_59' title='bbox 1382 1736 1535 1800; x_wconf 87' lang='lat' dir='ltr'><strong>Pindarus</strong></span> 
     </span>
     <span class='ocr_line' id='line_1_10' title="bbox 521 1849 1535 1935; baseline 0.002 -22"><span class='ocrx_word' id='word_1_60' title='bbox 521 1850 554 1913; x_wconf 88' lang='lat' dir='ltr'><strong>in</strong></span> <span class='ocrx_word' id='word_1_61' title='bbox 577 1849 712 1913; x_wconf 86' lang='lat' dir='ltr'><strong>Hercule</strong></span> <span class='ocrx_word' id='word_1_62' title='bbox 735 1851 862 1935; x_wconf 88' lang='lat' dir='ltr'><strong>ejusque</strong></span> <span class='ocrx_word' id='word_1_63' title='bbox 884 1851 1030 1935; x_wconf 91' lang='lat' dir='ltr'><strong>operibus</strong></span> <span class='ocrx_word' id='word_1_64' title='bbox 1052 1852 1198 1915; x_wconf 89' lang='lat' dir='ltr'><strong>canendis</strong></span> <span class='ocrx_word' id='word_1_65' title='bbox 1217 1860 1369 1929; x_wconf 83' lang='lat' dir='ltr'><strong>versatur,</strong></span> <span class='ocrx_word' id='word_1_66' title='bbox 1390 1861 1427 1917; x_wconf 88' lang='lat' dir='ltr'><strong>ut</strong></span> <span class='ocrx_word' id='word_1_67' title='bbox 1445 1875 1535 1917; x_wconf 90' lang='lat' dir='ltr'><strong>nemo</strong></span> 
     </span>
     <span class='ocr_line' id='line_1_11' title="bbox 522 1967 1536 2054; baseline 0.004 -25"><span class='ocrx_word' id='word_1_68' title='bbox 522 1974 682 2052; x_wconf 71' lang='lat' dir='ltr'><strong>poetarum</strong></span> <span class='ocrx_word' id='word_1_69' title='bbox 712 1967 826 2051; x_wconf 83' lang='lat' dir='ltr'><strong>magis:</strong></span> <span class='ocrx_word' id='word_1_70' title='bbox 857 1975 889 2031; x_wconf 92' lang='lat' dir='ltr'><strong>et</strong></span> <span class='ocrx_word' id='word_1_71' title='bbox 919 1976 1022 2032; x_wconf 90' lang='lat' dir='ltr'><strong>tamen</strong></span> <span class='ocrx_word' id='word_1_72' title='bbox 1053 1992 1172 2053; x_wconf 78' lang='lat' dir='ltr'><strong>semper</strong></span> <span class='ocrx_word' id='word_1_73' title='bbox 1198 1970 1348 2034; x_wconf 81' lang='lat' dir='ltr'><strong>abstinuit</strong></span> <span class='ocrx_word' id='word_1_74' title='bbox 1372 1993 1390 2033; x_wconf 88' lang='lat' dir='ltr'><strong>a</strong></span> <span class='ocrx_word' id='word_1_75' title='bbox 1411 1971 1536 2054; x_wconf 92' lang='lat' dir='ltr'><strong>copiosa</strong></span> 
     </span>
     <span class='ocr_line' id='line_1_12' title="bbox 522 2084 1537 2169; baseline 0.002 -22"><span class='ocrx_word' id='word_1_76' title='bbox 522 2092 553 2147; x_wconf 90' lang='lat' dir='ltr'><strong>et</strong></span> <span class='ocrx_word' id='word_1_77' title='bbox 584 2084 685 2169; x_wconf 89' lang='lat' dir='ltr'><strong>ampla</strong></span> <span class='ocrx_word' id='word_1_78' title='bbox 715 2084 847 2149; x_wconf 85' lang='lat' dir='ltr'><strong>invidiae</strong></span> <span class='ocrx_word' id='word_1_79' title='bbox 876 2084 1011 2149; x_wconf 83' lang='lat' dir='ltr'><strong>Junonis</strong></span> <span class='ocrx_word' id='word_1_80' title='bbox 1043 2087 1339 2151; x_wconf 81' lang='lat' dir='ltr'><strong>commemoratione.</strong></span> <span class='ocrx_word' id='word_1_81' title='bbox 1386 2086 1425 2150; x_wconf 93' lang='lat' dir='ltr'><strong>In</strong></span> <span class='ocrx_word' id='word_1_82' title='bbox 1447 2088 1537 2149; x_wconf 91' lang='lat' dir='ltr'><strong>innu-</strong></span> 
     </span>
     <span class='ocr_line' id='line_1_13' title="bbox 522 2201 1536 2287; baseline 0.002 -23"><span class='ocrx_word' id='word_1_83' title='bbox 522 2201 612 2265; x_wconf 86' lang='lat' dir='ltr'><strong>meris</strong></span> <span class='ocrx_word' id='word_1_84' title='bbox 643 2224 738 2285; x_wconf 89' lang='lat' dir='ltr'><strong>paene</strong></span> <span class='ocrx_word' id='word_1_85' title='bbox 768 2201 860 2279; x_wconf 91' lang='lat' dir='ltr'><strong>locis,</strong></span> <span class='ocrx_word' id='word_1_86' title='bbox 893 2204 1007 2287; x_wconf 89' lang='lat' dir='ltr'><strong>quibus</strong></span> <span class='ocrx_word' id='word_1_87' title='bbox 1029 2204 1083 2267; x_wconf 92' lang='lat' dir='ltr'><strong>illa</strong></span> <span class='ocrx_word' id='word_1_88' title='bbox 1105 2205 1369 2279; x_wconf 87' lang='lat' dir='ltr'><strong>commemoratio,</strong></span> <span class='ocrx_word' id='word_1_89' title='bbox 1393 2204 1420 2266; x_wconf 91' lang='lat' dir='ltr'><strong>si</strong></span> <span class='ocrx_word' id='word_1_90' title='bbox 1443 2204 1536 2267; x_wconf 89' lang='lat' dir='ltr'><strong>tradi·</strong></span> 
     </span>
    </p>
   </div>
   <div class='ocr_carea' id='block_1_3' title="bbox 393 2319 1535 2403">
    <p class='ocr_par' dir='ltr' id='par_1_4' title="bbox 393 2319 1535 2403">
     <span class='ocr_line' id='line_1_14' title="bbox 393 2319 1535 2403; baseline 0.002 -22"><span class='ocrx_word' id='word_1_91' title='bbox 393 2341 400 2355; x_wconf 88' lang='lat'><strong>·</strong></span> <span class='ocrx_word' id='word_1_92' title='bbox 521 2326 588 2382; x_wconf 89' lang='lat' dir='ltr'><strong>tum</strong></span> <span class='ocrx_word' id='word_1_93' title='bbox 620 2342 638 2381; x_wconf 93' lang='lat' dir='ltr'><strong>a</strong></span> <span class='ocrx_word' id='word_1_94' title='bbox 668 2319 821 2403; x_wconf 84' lang='lat' dir='ltr'><strong>prioribus</strong></span> <span class='ocrx_word' id='word_1_95' title='bbox 853 2342 969 2385; x_wconf 86' lang='lat' dir='ltr'><strong>merem</strong></span> <span class='ocrx_word' id='word_1_96' title='bbox 999 2330 1123 2385; x_wconf 89' lang='lat' dir='ltr'><strong>secutus</strong></span> <span class='ocrx_word' id='word_1_97' title='bbox 1154 2322 1255 2385; x_wconf 85' lang='lat' dir='ltr'><strong>fuerat</strong></span> <span class='ocrx_word' id='word_1_98' title='bbox 1277 2320 1446 2398; x_wconf 89' lang='lat' dir='ltr'><strong>Pindarus,</strong></span> <span class='ocrx_word' id='word_1_99' title='bbox 1470 2322 1535 2384; x_wconf 88' lang='lat' dir='ltr'><strong>fieri</strong></span> 
     </span>
    </p>
   </div>
   <div class='ocr_carea' id='block_1_4' title="bbox 520 2435 1535 3224">
    <p class='ocr_par' dir='ltr' id='par_1_5' title="bbox 520 2435 1535 3224">
     <span class='ocr_line' id='line_1_15' title="bbox 522 2435 1535 2522; baseline 0.002 -23"><span class='ocrx_word' id='word_1_100' title='bbox 522 2435 664 2501; x_wconf 85' lang='lat' dir='ltr'><strong>debuisse</strong></span> <span class='ocrx_word' id='word_1_101' title='bbox 696 2436 872 2514; x_wconf 89' lang='lat' dir='ltr'><strong>videbatur,</strong></span> <span class='ocrx_word' id='word_1_102' title='bbox 906 2460 1004 2501; x_wconf 91' lang='lat' dir='ltr'><strong>unum</strong></span> <span class='ocrx_word' id='word_1_103' title='bbox 1033 2446 1155 2502; x_wconf 84' lang='lat' dir='ltr'><strong>tantum</strong></span> <span class='ocrx_word' id='word_1_104' title='bbox 1177 2439 1331 2515; x_wconf 84' lang='lat' dir='ltr'><strong>invenias,</strong></span> <span class='ocrx_word' id='word_1_105' title='bbox 1356 2460 1418 2522; x_wconf 94' lang='lat' dir='ltr'><strong>quo</strong></span> <span class='ocrx_word' id='word_1_106' title='bbox 1441 2460 1460 2501; x_wconf 94' lang='lat' dir='ltr'><strong>a</strong></span> <span class='ocrx_word' id='word_1_107' title='bbox 1480 2437 1535 2501; x_wconf 86' lang='lat' dir='ltr'><strong>Ju-</strong></span> 
     </span>
     <span class='ocr_line' id='line_1_16' title="bbox 522 2554 1534 2640; baseline -0.001 -23"><span class='ocrx_word' id='word_1_108' title='bbox 522 2575 601 2617; x_wconf 90' lang='lat' dir='ltr'><strong>none</strong></span> <span class='ocrx_word' id='word_1_109' title='bbox 633 2556 761 2619; x_wconf 91' lang='lat' dir='ltr'><strong>missum</strong></span> <span class='ocrx_word' id='word_1_110' title='bbox 789 2555 959 2640; x_wconf 89' lang='lat' dir='ltr'><strong>periculum</strong></span> <span class='ocrx_word' id='word_1_111' title='bbox 983 2563 1145 2619; x_wconf 89' lang='lat' dir='ltr'><strong>memoret:</strong></span> <span class='ocrx_word' id='word_1_112' title='bbox 1169 2556 1203 2619; x_wconf 91' lang='lat' dir='ltr'><strong>in</strong></span> <span class='ocrx_word' id='word_1_113' title='bbox 1225 2577 1323 2638; x_wconf 88' lang='lat' dir='ltr'><strong>eoque</strong></span> <span class='ocrx_word' id='word_1_114' title='bbox 1345 2556 1413 2639; x_wconf 91' lang='lat' dir='ltr'><strong>ipso</strong></span> <span class='ocrx_word' id='word_1_115' title='bbox 1436 2554 1534 2619; x_wconf 89' lang='lat' dir='ltr'><strong>brevis</strong></span> 
     </span>
     <span class='ocr_line' id='line_1_17' title="bbox 522 2670 1534 2756; baseline -0.002 -22"><span class='ocrx_word' id='word_1_116' title='bbox 522 2679 585 2747; x_wconf 90' lang='lat' dir='ltr'><strong>est,</strong></span> <span class='ocrx_word' id='word_1_117' title='bbox 620 2694 676 2735; x_wconf 89' lang='lat' dir='ltr'><strong>neo</strong></span> <span class='ocrx_word' id='word_1_118' title='bbox 710 2693 911 2756; x_wconf 85' lang='lat' dir='ltr'><strong>magnopere,</strong></span> <span class='ocrx_word' id='word_1_119' title='bbox 949 2681 985 2735; x_wconf 92' lang='lat' dir='ltr'><strong>ut</strong></span> <span class='ocrx_word' id='word_1_120' title='bbox 1017 2679 1125 2755; x_wconf 76' lang='lat' dir='ltr'><strong>poetae</strong></span> <span class='ocrx_word' id='word_1_121' title='bbox 1159 2671 1276 2748; x_wconf 89' lang='lat' dir='ltr'><strong>solent,</strong></span> <span class='ocrx_word' id='word_1_122' title='bbox 1308 2671 1411 2735; x_wconf 74' lang='lat' dir='ltr'><strong>infesti</strong></span> <span class='ocrx_word' id='word_1_123' title='bbox 1440 2670 1534 2735; x_wconf 90' lang='lat' dir='ltr'><strong>animi</strong></span> 
     </span>
     <span class='ocr_line' id='line_1_18' title="bbox 521 2787 1533 2873; baseline -0.002 -22"><span class='ocrx_word' id='word_1_124' title='bbox 521 2788 658 2872; x_wconf 87' lang='lat' dir='ltr'><strong>epitheta</strong></span> <span class='ocrx_word' id='word_1_125' title='bbox 687 2789 773 2852; x_wconf 92' lang='lat' dir='ltr'><strong>addit</strong></span> <span class='ocrx_word' id='word_1_126' title='bbox 803 2790 925 2872; x_wconf 80' lang='lat' dir='ltr'><strong>reginae</strong></span> <span class='ocrx_word' id='word_1_127' title='bbox 952 2789 1098 2853; x_wconf 88' lang='lat' dir='ltr'><strong>Deorum.</strong></span> <span class='ocrx_word' id='word_1_128' title='bbox 1143 2788 1246 2852; x_wconf 88' lang='lat' dir='ltr'><strong>Locus</strong></span> <span class='ocrx_word' id='word_1_129' title='bbox 1269 2799 1317 2852; x_wconf 89' lang='lat' dir='ltr'><strong>est</strong></span> <span class='ocrx_word' id='word_1_130' title='bbox 1338 2787 1533 2873; x_wconf 90' lang='lat' dir='ltr'><strong>hujusmodi:</strong></span> 
     </span>
     <span class='ocr_line' id='line_1_19' title="bbox 520 2905 1534 2990; baseline -0.002 -21"><span class='ocrx_word' id='word_1_131' title='bbox 520 2905 650 2985; x_wconf 80' lang='lat' dir='ltr'><strong>„Quum</strong></span> <span class='ocrx_word' id='word_1_132' title='bbox 674 2928 691 2969; x_wconf 95' lang='lat' dir='ltr'><strong>e</strong></span> <span class='ocrx_word' id='word_1_133' title='bbox 712 2906 828 2990; x_wconf 83' lang='lat' dir='ltr'><strong>gremio</strong></span> <span class='ocrx_word' id='word_1_134' title='bbox 859 2907 964 2969; x_wconf 81' lang='lat' dir='ltr'><strong>matris</strong></span> <span class='ocrx_word' id='word_1_135' title='bbox 993 2906 1141 2970; x_wconf 87' lang='lat' dir='ltr'><strong>continuo</strong></span> <span class='ocrx_word' id='word_1_136' title='bbox 1164 2909 1197 2971; x_wconf 91' lang='lat' dir='ltr'><strong>in</strong></span> <span class='ocrx_word' id='word_1_137' title='bbox 1219 2906 1321 2971; x_wconf 90' lang='lat' dir='ltr'><strong>lucem</strong></span> <span class='ocrx_word' id='word_1_138' title='bbox 1343 2905 1429 2969; x_wconf 82' lang='lat' dir='ltr'><strong>Jovis</strong></span> <span class='ocrx_word' id='word_1_139' title='bbox 1452 2905 1534 2968; x_wconf 85' lang='lat' dir='ltr'><strong>filius</strong></span> 
     </span>
     <span class='ocr_line' id='line_1_20' title="bbox 521 3021 1535 3107; baseline -0.002 -21"><span class='ocrx_word' id='word_1_140' title='bbox 521 3044 591 3086; x_wconf 88' lang='lat' dir='ltr'><strong>cum</strong></span> <span class='ocrx_word' id='word_1_141' title='bbox 611 3022 732 3107; x_wconf 79' lang='lat' dir='ltr'><strong>gemino</strong></span> <span class='ocrx_word' id='word_1_142' title='bbox 752 3022 844 3087; x_wconf 83' lang='lat' dir='ltr'><strong>fratre</strong></span> <span class='ocrx_word' id='word_1_143' title='bbox 862 3023 997 3102; x_wconf 85' lang='lat' dir='ltr'><strong>veniret,</strong></span> <span class='ocrx_word' id='word_1_144' title='bbox 1017 3045 1080 3088; x_wconf 88' lang='lat' dir='ltr'><strong>non</strong></span> <span class='ocrx_word' id='word_1_145' title='bbox 1098 3024 1192 3088; x_wconf 90' lang='lat' dir='ltr'><strong>latuit</strong></span> <span class='ocrx_word' id='word_1_146' title='bbox 1209 3023 1382 3099; x_wconf 83' lang='lat' dir='ltr'><strong>lunonem,</strong></span> <span class='ocrx_word' id='word_1_147' title='bbox 1403 3021 1456 3085; x_wconf 87' lang='lat' dir='ltr'><strong>sed</strong></span> <span class='ocrx_word' id='word_1_148' title='bbox 1477 3022 1535 3084; x_wconf 92' lang='lat' dir='ltr'><strong>De·</strong></span> 
     </span>
     <span class='ocr_line' id='line_1_21' title="bbox 521 3138 1534 3224; baseline 0 -22"><span class='ocrx_word' id='word_1_149' title='bbox 521 3162 609 3203; x_wconf 89' lang='lat' dir='ltr'><strong>orum</strong></span> <span class='ocrx_word' id='word_1_150' title='bbox 630 3140 737 3223; x_wconf 83' lang='lat' dir='ltr'><strong>regina</strong></span> <span class='ocrx_word' id='word_1_151' title='bbox 759 3140 886 3204; x_wconf 85' lang='lat' dir='ltr'><strong>incitate</strong></span> <span class='ocrx_word' id='word_1_152' title='bbox 909 3142 1011 3204; x_wconf 92' lang='lat' dir='ltr'><strong>animo</strong></span> <span class='ocrx_word' id='word_1_153' title='bbox 1033 3141 1118 3204; x_wconf 89' lang='lat' dir='ltr'><strong>misit</strong></span> <span class='ocrx_word' id='word_1_154' title='bbox 1141 3151 1296 3224; x_wconf 86' lang='lat' dir='ltr'><strong>serpentes</strong></span> <span class='ocrx_word' id='word_1_155' title='bbox 1319 3138 1534 3219; x_wconf 75' lang='lat' dir='ltr'><strong>continuo.&#39;&#39;’)</strong></span> 
     </span>
    </p>
   </div>
   <div class='ocr_carea' id='block_1_5' title="bbox 451 3244 1535 3577">
    <p class='ocr_par' dir='ltr' id='par_1_6' title="bbox 451 3244 1535 3577">
     <span class='ocr_line' id='line_1_22' title="bbox 451 3244 1535 3342; baseline -0.002 -22"><span class='ocrx_word' id='word_1_156' title='bbox 451 3244 468 3271; x_wconf 79' lang='lat'>⁸</span> <span class='ocrx_word' id='word_1_157' title='bbox 521 3256 632 3341; x_wconf 91' lang='lat' dir='ltr'><strong>Neque</strong></span> <span class='ocrx_word' id='word_1_158' title='bbox 654 3258 786 3342; x_wconf 88' lang='lat' dir='ltr'><strong>amplius</strong></span> <span class='ocrx_word' id='word_1_159' title='bbox 809 3258 842 3321; x_wconf 93' lang='lat' dir='ltr'><strong>in</strong></span> <span class='ocrx_word' id='word_1_160' title='bbox 863 3258 988 3321; x_wconf 83' lang='lat' dir='ltr'><strong>lunone</strong></span> <span class='ocrx_word' id='word_1_161' title='bbox 1014 3267 1168 3335; x_wconf 86' lang='lat' dir='ltr'><strong>moratur,</strong></span> <span class='ocrx_word' id='word_1_162' title='bbox 1192 3257 1247 3321; x_wconf 92' lang='lat' dir='ltr'><strong>sed</strong></span> <span class='ocrx_word' id='word_1_163' title='bbox 1268 3258 1369 3341; x_wconf 84' lang='lat' dir='ltr'><strong>pergit</strong></span> <span class='ocrx_word' id='word_1_164' title='bbox 1387 3257 1535 3321; x_wconf 86' lang='lat' dir='ltr'><strong>continuo</strong></span> 
     </span>
     <span class='ocr_line' id='line_1_23' title="bbox 521 3374 1535 3459; baseline -0.002 -20"><span class='ocrx_word' id='word_1_165' title='bbox 521 3376 561 3439; x_wconf 84' lang='lat' dir='ltr'><strong>ad</strong></span> <span class='ocrx_word' id='word_1_166' title='bbox 591 3374 698 3439; x_wconf 88' lang='lat' dir='ltr'><strong>laudes</strong></span> <span class='ocrx_word' id='word_1_167' title='bbox 729 3374 872 3439; x_wconf 87' lang='lat' dir='ltr'><strong>Herculis</strong></span> <span class='ocrx_word' id='word_1_168' title='bbox 903 3375 1071 3440; x_wconf 83' lang='lat' dir='ltr'><strong>interfectis</strong></span> <span class='ocrx_word' id='word_1_169' title='bbox 1094 3375 1285 3459; x_wconf 87' lang='lat' dir='ltr'><strong>serpentibus</strong></span> <span class='ocrx_word' id='word_1_170' title='bbox 1308 3382 1427 3458; x_wconf 84' lang='lat' dir='ltr'><strong>partas,</strong></span> <span class='ocrx_word' id='word_1_171' title='bbox 1451 3395 1535 3459; x_wconf 77' lang='lat' dir='ltr'><strong>prae</strong></span> 
     </span>
     <span class='ocr_line' id='line_1_24' title="bbox 522 3488 1535 3577; baseline -0.005 -20"><span class='ocrx_word' id='word_1_172' title='bbox 522 3494 702 3577; x_wconf 81' lang='lat' dir='ltr'><strong>sagiumque</strong></span> <span class='ocrx_word' id='word_1_173' title='bbox 725 3492 758 3555; x_wconf 94' lang='lat' dir='ltr'><strong>in</strong></span> <span class='ocrx_word' id='word_1_174' title='bbox 781 3492 819 3555; x_wconf 90' lang='lat' dir='ltr'><strong>iis</strong></span> <span class='ocrx_word' id='word_1_175' title='bbox 842 3492 979 3575; x_wconf 87' lang='lat' dir='ltr'><strong>positum</strong></span> <span class='ocrx_word' id='word_1_176' title='bbox 1002 3491 1175 3577; x_wconf 85' lang='lat' dir='ltr'><strong>ingentium</strong></span> <span class='ocrx_word' id='word_1_177' title='bbox 1198 3491 1405 3555; x_wconf 86' lang='lat' dir='ltr'><strong>victoriarum.</strong></span> <span class='ocrx_word' id='word_1_178' title='bbox 1451 3488 1535 3569; x_wconf 81' lang='lat' dir='ltr'><strong>Qua-</strong></span> 
     </span>
    </p>
   </div>
   <div class='ocr_carea' id='block_1_6' title="bbox 522 3606 1538 4277">
    <p class='ocr_par' dir='ltr' id='par_1_7' title="bbox 522 3606 1538 4277">
     <span class='ocr_line' id='line_1_25' title="bbox 522 3606 1535 3694; baseline -0.004 -21"><span class='ocrx_word' id='word_1_179' title='bbox 522 3616 646 3694; x_wconf 85' lang='lat' dir='ltr'><strong>propter</strong></span> <span class='ocrx_word' id='word_1_180' title='bbox 677 3616 816 3692; x_wconf 84' lang='lat' dir='ltr'><strong>apertum</strong></span> <span class='ocrx_word' id='word_1_181' title='bbox 847 3608 973 3691; x_wconf 90' lang='lat' dir='ltr'><strong>quidem</strong></span> <span class='ocrx_word' id='word_1_182' title='bbox 1004 3616 1065 3685; x_wconf 89' lang='lat' dir='ltr'><strong>est,</strong></span> <span class='ocrx_word' id='word_1_183' title='bbox 1093 3607 1222 3693; x_wconf 88' lang='lat' dir='ltr'><strong>periculi</strong></span> <span class='ocrx_word' id='word_1_184' title='bbox 1244 3607 1430 3672; x_wconf 90' lang='lat' dir='ltr'><strong>mentionem</strong></span> <span class='ocrx_word' id='word_1_185' title='bbox 1452 3606 1535 3683; x_wconf 85' lang='lat' dir='ltr'><strong>fieri,</strong></span> 
     </span>
     <span class='ocr_line' id='line_1_26' title="bbox 523 3724 1535 3810; baseline -0.006 -18"><span class='ocrx_word' id='word_1_186' title='bbox 523 3750 586 3792; x_wconf 91' lang='lat' dir='ltr'><strong>non</strong></span> <span class='ocrx_word' id='word_1_187' title='bbox 608 3749 670 3810; x_wconf 90' lang='lat' dir='ltr'><strong>qno</strong></span> <span class='ocrx_word' id='word_1_188' title='bbox 693 3727 739 3790; x_wconf 89' lang='lat' dir='ltr'><strong>ira</strong></span> <span class='ocrx_word' id='word_1_189' title='bbox 761 3734 965 3809; x_wconf 84' lang='lat' dir='ltr'><strong>cognoscatur</strong></span> <span class='ocrx_word' id='word_1_190' title='bbox 987 3726 1087 3804; x_wconf 89' lang='lat' dir='ltr'><strong>illius,</strong></span> <span class='ocrx_word' id='word_1_191' title='bbox 1109 3747 1189 3810; x_wconf 88' lang='lat' dir='ltr'><strong>quae</strong></span> <span class='ocrx_word' id='word_1_192' title='bbox 1205 3724 1378 3810; x_wconf 87' lang='lat' dir='ltr'><strong>periculum</strong></span> <span class='ocrx_word' id='word_1_193' title='bbox 1396 3725 1535 3800; x_wconf 88' lang='lat' dir='ltr'><strong>miserat,</strong></span> 
     </span>
     <span class='ocr_line' id='line_1_27' title="bbox 522 3840 1536 3927; baseline -0.004 -20"><span class='ocrx_word' id='word_1_194' title='bbox 522 3844 576 3908; x_wconf 90' lang='lat' dir='ltr'><strong>sed</strong></span> <span class='ocrx_word' id='word_1_195' title='bbox 596 3852 631 3908; x_wconf 92' lang='lat' dir='ltr'><strong>nt</strong></span> <span class='ocrx_word' id='word_1_196' title='bbox 650 3846 676 3908; x_wconf 88' lang='lat' dir='ltr'><strong>is</strong></span> <span class='ocrx_word' id='word_1_197' title='bbox 696 3844 915 3921; x_wconf 86' lang='lat' dir='ltr'><strong>celebraretur,</strong></span> <span class='ocrx_word' id='word_1_198' title='bbox 937 3844 992 3927; x_wconf 92' lang='lat' dir='ltr'><strong>qui</strong></span> <span class='ocrx_word' id='word_1_199' title='bbox 1011 3850 1215 3927; x_wconf 83' lang='lat' dir='ltr'><strong>superaverat.</strong></span> <span class='ocrx_word' id='word_1_200' title='bbox 1251 3842 1291 3905; x_wconf 80' lang='lat' dir='ltr'><strong>Et</strong></span> <span class='ocrx_word' id='word_1_201' title='bbox 1306 3850 1410 3906; x_wconf 91' lang='lat' dir='ltr'><strong>tamen</strong></span> <span class='ocrx_word' id='word_1_202' title='bbox 1425 3840 1536 3916; x_wconf 79' lang='lat' dir='ltr'><strong>fateor,</strong></span> 
     </span>
     <span class='ocr_line' id='line_1_28' title="bbox 522 3958 1538 4043; baseline -0.005 -17"><span class='ocrx_word' id='word_1_203' title='bbox 522 3962 599 4027; x_wconf 88' lang='lat' dir='ltr'><strong>mihi</strong></span> <span class='ocrx_word' id='word_1_204' title='bbox 621 3984 684 4027; x_wconf 89' lang='lat' dir='ltr'><strong>non</strong></span> <span class='ocrx_word' id='word_1_205' title='bbox 707 3962 833 4026; x_wconf 92' lang='lat' dir='ltr'><strong>omnino</strong></span> <span class='ocrx_word' id='word_1_206' title='bbox 858 3962 941 4025; x_wconf 91' lang='lat' dir='ltr'><strong>hunc</strong></span> <span class='ocrx_word' id='word_1_207' title='bbox 964 3960 1066 4025; x_wconf 90' lang='lat' dir='ltr'><strong>locum</strong></span> <span class='ocrx_word' id='word_1_208' title='bbox 1090 3982 1161 4023; x_wconf 92' lang='lat' dir='ltr'><strong>cum</strong></span> <span class='ocrx_word' id='word_1_209' title='bbox 1175 3958 1296 4043; x_wconf 89' lang='lat' dir='ltr'><strong>reliquo</strong></span> <span class='ocrx_word' id='word_1_210' title='bbox 1312 3958 1438 4023; x_wconf 88' lang='lat' dir='ltr'><strong>Pindari</strong></span> <span class='ocrx_word' id='word_1_211' title='bbox 1452 3980 1538 4022; x_wconf 89' lang='lat' dir='ltr'><strong>more</strong></span> 
     </span>
     <span class='ocr_line' id='line_1_29' title="bbox 523 4076 1536 4165; baseline -0.005 -22"><span class='ocrx_word' id='word_1_212' title='bbox 523 4081 684 4144; x_wconf 81' lang='lat' dir='ltr'><strong>convenire</strong></span> <span class='ocrx_word' id='word_1_213' title='bbox 713 4080 819 4143; x_wconf 89' lang='lat' dir='ltr'><strong>videri.</strong></span> <span class='ocrx_word' id='word_1_214' title='bbox 867 4080 1067 4165; x_wconf 80' lang='lat' dir='ltr'><strong>Quapropter</strong></span> <span class='ocrx_word' id='word_1_215' title='bbox 1089 4076 1289 4141; x_wconf 88' lang='lat' dir='ltr'><strong>statuendum</strong></span> <span class='ocrx_word' id='word_1_216' title='bbox 1311 4086 1375 4154; x_wconf 86' lang='lat' dir='ltr'><strong>est,</strong></span> <span class='ocrx_word' id='word_1_217' title='bbox 1399 4076 1536 4139; x_wconf 84' lang='lat' dir='ltr'><strong>studium</strong></span> 
     </span>
     <span class='ocr_line' id='line_1_30' title="bbox 523 4193 1538 4277; baseline -0.007 -16"><span class='ocrx_word' id='word_1_218' title='bbox 523 4196 615 4261; x_wconf 81' lang='lat' dir='ltr'><strong>inisse</strong></span> <span class='ocrx_word' id='word_1_219' title='bbox 646 4196 779 4261; x_wconf 91' lang='lat' dir='ltr'><strong>Pindaro</strong></span> <span class='ocrx_word' id='word_1_220' title='bbox 811 4196 939 4260; x_wconf 88' lang='lat' dir='ltr'><strong>meliora</strong></span> <span class='ocrx_word' id='word_1_221' title='bbox 969 4195 1008 4261; x_wconf 94' lang='lat' dir='ltr'><strong>de</strong></span> <span class='ocrx_word' id='word_1_222' title='bbox 1038 4195 1107 4258; x_wconf 90' lang='lat' dir='ltr'><strong>Diis</strong></span> <span class='ocrx_word' id='word_1_223' title='bbox 1130 4193 1270 4271; x_wconf 90' lang='lat' dir='ltr'><strong>dicendi,</strong></span> <span class='ocrx_word' id='word_1_224' title='bbox 1294 4216 1358 4258; x_wconf 92' lang='lat' dir='ltr'><strong>non</strong></span> <span class='ocrx_word' id='word_1_225' title='bbox 1380 4215 1450 4257; x_wconf 84' lang='lat' dir='ltr'><strong>vero</strong></span> <span class='ocrx_word' id='word_1_226' title='bbox 1473 4213 1538 4277; x_wconf 90' lang='lat' dir='ltr'><strong>per·</strong></span> 
     </span>
    </p>
   </div>
   <div class='ocr_carea' id='block_1_7' title="bbox 559 4450 1249 4515">
    <p class='ocr_par' dir='ltr' id='par_1_8' title="bbox 559 4450 1249 4515">
     <span class='ocr_line' id='line_1_31' title="bbox 559 4450 1249 4515; baseline -0.007 -11"><span class='ocrx_word' id='word_1_227' title='bbox 559 4456 584 4515; x_wconf 83' lang='lat'><strong>1)</strong></span> <span class='ocrx_word' id='word_1_228' title='bbox 599 4453 669 4503; x_wconf 75' lang='lat' dir='ltr'><strong>Cous.</strong></span> <span class='ocrx_word' id='word_1_229' title='bbox 688 4452 726 4503; x_wconf 81' lang='lat'><strong>01.</strong></span> <span class='ocrx_word' id='word_1_230' title='bbox 744 4452 783 4501; x_wconf 88' lang='grc' dir='ltr'><strong>ΙΙ.</strong></span> <span class='ocrx_word' id='word_1_231' title='bbox 801 4450 941 4500; x_wconf 73' lang='lat' dir='ltr'><strong>lea-lue.</strong></span> <span class='ocrx_word' id='word_1_232' title='bbox 1041 4450 1149 4511; x_wconf 63' lang='lat' dir='ltr'><strong>illia.</strong></span> <span class='ocrx_word' id='word_1_233' title='bbox 1166 4450 1190 4500; x_wconf 92' lang='grc' dir='ltr'><strong>Ι.</strong></span> <span class='ocrx_word' id='word_1_234' title='bbox 1207 4450 1249 4499; x_wconf 67' lang='grc'><strong>59.</strong></span> 
     </span>
    </p>
   </div>
   <div class='ocr_carea' id='block_1_8' title="bbox 0 0 1868 5542">
    <p class='ocr_par' dir='ltr' id='par_1_9' title="bbox 0 0 1868 5542">
     <span class='ocr_line' id='line_1_32' title="bbox 0 0 1868 5542; baseline 0 0"><span class='ocrx_word' id='word_1_235' title='bbox 0 0 1868 5542; x_wconf 95' lang='lat' dir='ltr'><strong> </strong></span> 
     </span>
    </p>
   </div>
  </div>
 </body>
</html>
