3725 5542
832 728 896 788 418

357 925 411 990 des
440 925 648 1009 Amphitrites
669 931 701 988 et
723 924 803 989 Solis
827 924 921 988 filiam
946 925 1042 990 fuisse
1065 926 1161 1004 dixit,
1187 927 1374 1014 Herophilus

357 1040 498 1127 Neptuni
528 1049 560 1104 et
589 1039 736 1120 Veneris,
767 1041 965 1126 Epimenides
989 1040 1122 1108 Oceani:
1148 1065 1226 1126 quse
1249 1043 1375 1128 quidem

357 1166 566 1224 memorantur
588 1158 620 1222 in
643 1157 785 1222 scholiis:
817 1157 1015 1243 Epimenides
1039 1167 1142 1224 autem
1165 1159 1287 1224 videtur
1311 1183 1375 1224 esse

356 1277 398 1352 is,
422 1298 514 1360 quem
538 1276 692 1359 Diogenes
714 1275 859 1340 Laertius
883 1275 899 1340 Ι
918 1279 980 1339 115
999 1276 1074 1341 dicit
1090 1277 1201 1342 Dorice
1217 1279 1374 1364 scripsisse

358 1392 396 1455 de
412 1392 539 1471 Rhodo,
556 1393 709 1457 diversum
726 1414 744 1455 s
758 1392 927 1478 genealogo
944 1402 975 1456 et
991 1415 1009 1456 s
1024 1393 1162 1458 Cretensi
1179 1394 1373 1480 philosopho.

357 1509 446 1590 Ques
472 1511 504 1574 in
529 1509 693 1574 Homerico
716 1509 841 1594 Hymno
865 1511 897 1574 in
922 1509 991 1574 Ger.
1016 1512 1082 1575 420
1107 1521 1294 1576 memoretur
1317 1513 1375 1576 Ῥό-

355 1623 435 1701 δειιι,
466 1623 667 1707 Proserpinae
696 1644 814 1700 comes,
842 1630 873 1687 et
896 1645 949 1701 ea,
974 1645 1054 1707 quse
1076 1625 1158 1709 apud
1182 1624 1372 1703 Hesiodum,

355 1738 471 1824 Theog.
503 1741 586 1817 351,
619 1737 735 1804 Oceani
766 1761 801 1804 ac
832 1739 965 1824 Tethys,
986 1740 1069 1818 filia,
1093 1747 1174 1805 certe
1198 1741 1374 1806 diversses

356 1855 467 1919 Rhodo
495 1856 632 1920 fuerunt.
678 1856 812 1941 Magnus
842 1879 990 1920 numerus
1022 1857 1064 1922 ibi
1096 1856 1178 1942 spud
1203 1857 1374 1921 Hesiodum

357 1970 581 2038 Oceaninarnm
604 1983 667 2052 est,
692 1995 823 2057 quarum
847 1973 990 2057 singulae
1014 1974 1051 2038 sb
1076 1974 1254 2059 hujusmodi
1275 1973 1377 2038 insula

358 2089 449 2175 longe
479 2090 628 2156 diversam
659 2099 801 2154 naturam
827 2089 943 2154 hebent
966 2098 998 2154 et
1020 2092 1145 2156 uomina
1169 2092 1258 2155 certis
1280 2092 1377 2176 regio

358 2207 449 2273 nibus
479 2229 543 2272 non
569 2208 797 2272 convenientis:
829 2229 945 2293 perque
967 2215 1079 2272 terrem
1103 2217 1271 2272 versentur.
1296 2207 1376 2272 Vide

358 2324 589 2389 annotationem
609 2322 761 2409 Lennepii
784 2324 823 2388 ad
846 2346 917 2389 eum
940 2324 1054 2388 locum.

403 2447 456 2509 tl.
490 2442 675 2522 εὐθυμάχαν.
719 2441 860 2519 Poterat,
894 2451 928 2518 ut
956 2441 1120 2506 scholiasta
1142 2442 1279 2519 monuit,
1304 2463 1373 2505 cum

356 2562 448 2628 ‘seton
479 2563 524 2625 ita
553 2561 717 2646 conjungi,
749 2569 786 2624 ut
816 2559 867 2623 01.
892 2559 941 2622 VI
968 2557 1374 2636 reseruassemus:

358 2686 493 2763 praestat
526 2686 646 2756 temen,
678 2699 749 2742 cum
779 2678 868 2756 ιἰιδριι
900 2677 1095 2760 conjungere.
1138 2674 1376 2740 Terminationis

358 2797 457 2861 simile
488 2796 662 2883 exemplum
694 2803 741 2858 est
772 2793 822 2858 Ol.
855 2793 921 2857 XII
953 2794 995 2858 20
1027 2793 1215 2875 ἒνδιμιὶχιιςι
1240 2804 1272 2857 at
1294 2793 1377 2879 apud

358 2914 529 2979 Homerum
551 2914 726 2997 frequenter
748 2912 914 2993 πρόμαχοι.

406 3033 458 3095 28.
494 3031 640 3110 πελώριον.
675 3029 754 3092 Vide
785 3051 864 3114 quae
894 3027 1072 3093 monuimus
1103 3028 1141 3093 de
1164 3027 1283 3111 ingenti
1305 3026 1377 3090 Dis-

358 3170 450 3233 gorae
473 3154 600 3211 statura.
647 3145 795 3231 Epitheto
818 3146 877 3210 hoc
899 3146 1001 3212 utitur
1024 3145 1178 3210 Homerus
1199 3143 1238 3207 de
1254 3142 1375 3208 Achille

358 3265 390 3328 in
420 3265 567 3330 acerrimo
597 3272 667 3348 post
697 3263 872 3328 Patroclum
904 3264 1040 3328 occisum
1070 3261 1203 3347 proelio,
1233 3259 1271 3324 Il.
1296 3259 1375 3324 XXI

360 3385 422 3447 527
448 3391 480 3447 et
501 3381 598 3446 XXII
622 3383 676 3445 92.

404 3502 457 3562 28.
492 3501 562 3578 παρ’
584 3499 728 3579 Ἀλφειῷ.
764 3497 872 3561 Variat
895 3496 1065 3560 orationem
1087 3494 1202 3559 Poeta:
1226 3493 1318 3558 modo
1342 3516 1375 3558 ss

363 3621 402 3682 ld
425 3617 505 3682 dixit
526 3616 686 3699 Ὀλυμπίᾳ
707 3617 798 3682 Πυθοῖ
816 3640 867 3698 πε,
888 3635 972 3679 nunc
992 3613 1062 3692 παρ’
1077 3612 1210 3695 Ἀλφειῷ
1226 3612 1276 3676 aul
1293 3613 1375 3691 παρὰ

357 3734 528 3818 Reseratis.
573 3733 720 3820 Reliquas
754 3733 906 3818 Diagorae
940 3731 1083 3796 victorias
1118 3752 1151 3792 vs
1191 3733 1251 3794 147
1289 3751 1373 3814 seqq.

357 3863 521 3918 memorat:
538 3875 621 3919 nunc
636 3876 708 3919 vero
723 3875 794 3918 eum
810 3850 954 3935 Olympia
970 3848 1114 3934 Pythiam
1131 3847 1271 3932 copulet,
1285 3869 1374 3932 prop·

358 3981 440 4036 terea
462 3971 545 4055 quod
567 3973 626 4036 hae
647 3971 733 4034 luere
754 3968 882 4051 reliquis
905 3966 1064 4030 clariores:
1088 3974 1155 4028 tum
1173 3985 1243 4028 vero
1259 3963 1371 4048 Pythia

359 4089 496 4174 proxime
519 4086 695 4172 Olympiam
717 4085 915 4170 praecessisse
932 4083 1070 4148 videtur:
1089 4089 1135 4144 est
1153 4082 1233 4145 enim
1250 4102 1374 4144 consen·

358 4217 500 4285 tensum,
534 4229 552 4270 a
574 4204 744 4269 minoribus
769 4202 808 4266 ad
836 4202 966 4285 majores
990 4199 1154 4283 Diagoram
1181 4198 1372 4283 processisse.

405 4328 457 4387 29.
492 4321 766 4405 credentissimus.
800 4317 881 4382 Sunt
910 4318 967 4401 qui
997 4316 1088 4382 verbo
1119 4314 1219 4380 medio
1246 4313 1372 4377 Poetam

360 4443 408 4507 uti
430 4442 621 4516 existiment,
646 4447 683 4502 ut
704 4438 869 4524 significet,
892 4435 1059 4520 Diagoram
1083 4432 1141 4497 sibi
1164 4452 1306 4496 cononem
1323 4453 1373 4516 pa·
