3725 5542
983 723 1047 783 356

513 924 604 987 ctiam
635 922 769 1007 appellat
798 921 893 986 Poeta
920 920 1046 996 Jovem,
1074 942 1107 982 vs
1131 923 1192 996 39,
1216 919 1404 983 adorandum
1426 942 1517 995 saue,

512 1038 723 1127 Olympiorum
746 1041 891 1106 ludorum
914 1037 1083 1125 praesidem
1107 1048 1138 1103 ct
1159 1062 1313 1103 summum
1335 1040 1426 1103 sortis
1441 1060 1518 1103 mor·

512 1160 620 1223 talium
643 1159 872 1224 moderatorem.
912 1157 1126 1242 Interpouitur
1147 1164 1269 1235 autem,
1293 1179 1327 1221 vs
1351 1159 1411 1234 22,
1434 1157 1518 1221 invo-

512 1279 593 1343 catio
615 1276 767 1342 Palladis:
795 1300 874 1363 quae
898 1277 1021 1360 quidem
1044 1277 1128 1340 urbis
1151 1274 1329 1340 Camariuae
1352 1276 1417 1340 Dea
1438 1284 1544 1369 tute,

512 1398 585 1462 laris
608 1398 684 1475 luit,
712 1406 747 1461 ut
771 1406 901 1482 apparet·
919 1418 957 1460 ex
979 1396 1116 1482 epitheto
1141 1396 1299 1477 mendoza:
1323 1404 1354 1460 et
1376 1418 1393 1460 a
1417 1404 1517 1459 vetere

514 1516 677 1581 scholiasta
698 1516 779 1581 idem
803 1515 951 1580 traditur:
977 1523 1009 1579 et
1031 1516 1124 1579 luisse
1146 1514 1310 1593 Ἀθηναῖοι,
1334 1515 1399 1592 vel,
1428 1514 1516 1579 utin

514 1634 602 1699 Urat.
626 1636 654 1699 A
678 1634 836 1711 scribitur,
860 1636 985 1709 'Adnuite
1008 1634 1077 1712 ἱερὸν
1100 1632 1144 1698 ibi
1162 1633 1291 1700 maxime
1306 1634 1515 1718 conspicuum.

514 1753 552 1818 In
576 1753 759 1839 quibusdam
781 1751 933 1817 veteribus
956 1752 1135 1816 Camarinae
1157 1752 1258 1817 numis
1277 1721 1403 1837 upparet
1416 1752 1517 1837 imago
1585 1828 1595 1853 ⁸

514 1872 648 1937 Palladis
672 1874 780 1937 stantis
804 1880 835 1936 ct
858 1872 946 1936 hasta
968 1871 1112 1949 nitentis,
1136 1872 1222 1935 etin
1244 1894 1348 1936 aversa
1371 1879 1456 1957 parte
1471 1878 1518 1935 est

515 1991 652 2056 Victoria
685 2013 776 2075 snpra
811 1990 946 2075 Cycnum
981 2012 1136 2076 suspensa
1154 1990 1179 2073 ¹)
1223 1988 1363 2069 Quarum
1394 1988 1517 2073 quidem

515 2110 679 2194 figurarum
710 2109 805 2173 altera
826 2108 909 2171 Dece
932 2107 1017 2172 illius
1040 2106 1167 2172 tutelam
1192 2108 1356 2192 significari
1379 2107 1518 2172 manifes-

516 2238 582 2292 tum
613 2250 677 2291 esse
707 2226 843 2291 videtur:
875 2226 970 2290 altera
1000 2247 1071 2289 vcro
1102 2228 1229 2290 fortasse
1256 2226 1303 2290 vel
1330 2226 1369 2290 ad
1392 2224 1519 2290 Paludis

517 2346 579 2409 sive
609 2344 770 2430 Nymphae
797 2343 975 2409 Camarinae
999 2344 1044 2408 vel
1068 2344 1108 2408 ad
1130 2318 1309 2429 Hipparidis
1332 2343 1434 2408 Fluvii
1456 2344 1519 2409 cul·

517 2473 581 2527 tum
606 2465 769 2549 pertinuit,
794 2463 902 2529 velud
926 2485 1117 2528 communem
1141 2462 1268 2527 Paludis
1291 2463 1375 2527 illius
1397 2462 1521 2527 Fluvio·

518 2604 646 2667 rumque
672 2580 751 2646 Oani
775 2590 806 2646 et
829 2580 1007 2667 Hipparidis
1030 2582 1186 2645 honorem.
1232 2580 1304 2651 Alia
1326 2580 1452 2666 quidem
1473 2603 1522 2645 ex·
1577 2570 1583 2577 ’

517 2699 641 2785 plicatio
665 2708 710 2764 cst
732 2699 813 2786 apud
833 2700 1032 2778 Eckhclium,
1049 2700 1153 2764 Doctr.
1170 2698 1343 2764 Numorum
1359 2698 1519 2777 Veterum,

516 2816 585 2882 Vol.
609 2818 626 2881 I
649 2842 678 2904 p.
704 2820 785 2883 200:
810 2828 841 2882 et
863 2840 942 2904 quae
964 2839 1020 2882 nos
1043 2817 1221 2896 scribimus,
1244 2817 1405 2882 scribimus
1427 2817 1466 2882 de
1486 2840 1521 2881 ea

515 2959 546 3000 re
568 2958 628 3000 non
653 2936 851 3015 affirmantes,
876 2936 930 3000 sed
953 2936 1159 3021 conjicientes.
1172 2938 1197 3020 ⁹)
1221 2935 1429 3000 Vemutamen
1444 2935 1520 3021 Hip

514 3054 627 3141 paridis
657 3054 759 3119 cultus
791 3056 882 3119 etiam
913 3078 951 3119 ex
981 3055 1084 3119 uumis
1115 3054 1298 3138 quibusdam
1321 3062 1464 3140 apparet,
1486 3056 1519 3119 in

514 3173 624 3257 quibus
647 3172 699 3237 ille
723 3172 851 3238 Fluvius
874 3174 938 3260 ipse
955 3174 1153 3261 proponitur:
1171 3174 1232 3239 vid.
1248 3172 1376 3237 llckhel.
1396 3197 1425 3259 p.
1444 3176 1518 3236 200.

514 3290 656 3356 Ceterum
679 3291 761 3377 apud
784 3292 931 3370 eundem,
963 3315 993 3378 p.
1020 3296 1101 3371 199,
1129 3315 1242 3357 numus
1265 3301 1463 3370 memoratur,
1487 3293 1519 3356 ia

513 3432 575 3495 quo
598 3409 762 3495 quadrigae
786 3422 1066 3495 repraesentantur,
1089 3410 1251 3475 advolante
1272 3411 1411 3475 victoria:
1429 3432 1518 3496 quem

514 3536 601 3614 putat
633 3528 755 3593 fortasse
786 3528 824 3592 ad
856 3528 1049 3595 Psaumidem
1072 3530 1233 3615 pertinere.
1279 3529 1371 3610 Quod
1395 3529 1519 3614 quidem

513 3648 586 3712 mihi
612 3670 734 3734 prorsus
757 3648 906 3713 incertum
930 3672 995 3714 esse
1018 3647 1156 3713 videtur:
1184 3648 1236 3712 sed
1261 3649 1287 3713 si
1309 3650 1354 3713 ita
1375 3657 1438 3727 est,
1461 3649 1519 3713 lor·

541 3934 565 3995 l)
580 3934 673 3983 Bruaet
689 3934 719 3984 de
736 3934 831 3995 Prode,
849 3950 903 4001 pag.
923 3927 981 3984 lod.

537 4030 562 4092 2)
579 4030 659 4095 Ipsius
685 4030 794 4081 Bellelii
820 4014 949 4097 explicatio
976 4045 1020 4077 uec
1045 4028 1171 4093 explorata
1195 4028 1256 4078 mihi
1283 4029 1394 4089 ridetur,
1417 4046 1476 4090 aee,
1499 4031 1519 4079 si

505 4126 632 4175 manifesta
653 4131 731 4185 esset,
754 4126 784 4177 ad
806 4126 904 4176 Pindari
922 4124 1109 4190 explicationem
1125 4124 1258 4189 pertineas.
1289 4123 1393 4183 Vm,
1410 4126 1518 4191 quando·

506 4221 602 4286 quidem
625 4221 756 4272 secudum
778 4221 935 4272 Aristotelem
951 4226 980 4273 sl
994 4226 1127 4285 θαυμαστὴ
1140 4221 1194 4280 ἡδὶ,
1210 4236 1329 4286 apponam
1345 4221 1515 4273 oblectamenti

507 4328 577 4362 cacaa
593 4314 778 4378 explicationem
796 4314 971 4379 Harcrcampi,
994 4314 1024 4363 ab
1041 4314 1157 4365 mismo
1174 4321 1344 4367 memoratam:
1362 4316 1464 4366 victoria
1478 4316 1516 4365 in·

511 4408 585 4458 dicari
604 4409 767 4469 Psaumidcm,
785 4410 870 4475 Cygno
887 4409 1032 4470 Pindarum,
1050 4410 1141 4459 dictum
1156 4410 1243 4475 quippe
1253 4411 1283 4461 ab
1294 4411 1396 4462 Horatio
1407 4413 1514 4477 Cygnum

514 4504 649 4555 Dircaeum.
