3725 5542
979 713 1021 769 ao

534 905 593 969 Sed
630 906 746 969 ratione
780 907 949 970 carminum
985 910 1137 991 egregiam
1169 909 1291 993 pietatis
1322 913 1504 977 sententiam

487 1024 619 1087 maxime
649 1023 890 1087 commendavit:
924 1046 1024 1108 neque
1049 1026 1147 1102 enim,
1172 1047 1358 1109 quamquam
1382 1028 1421 1093 ad
1446 1030 1505 1093 vic-

488 1149 568 1204 tores
599 1142 750 1218 scribens,
783 1142 813 1205 in
846 1142 912 1205 ullo
943 1142 1077 1205 carmine
1108 1166 1159 1205 eos
1182 1144 1226 1206 ita
1248 1144 1403 1221 laudavit,
1427 1148 1504 1230 qniu

486 1257 568 1321 Deos
599 1268 738 1334 ornaret,
769 1266 800 1321 et
826 1258 864 1321 ad
890 1258 1026 1323 Deorum
1050 1259 1196 1323 honorem
1220 1261 1363 1325 victoriae
1387 1263 1505 1347 praedi·

486 1376 637 1439 catiouem
673 1376 771 1440 valere
806 1377 906 1440 vellet.
953 1376 1127 1441 Theronem
1161 1376 1370 1462 celebraturus
1392 1380 1503 1465 incipit

484 1494 650 1557 continuo:
675 1492 841 1571 „Citharae
864 1492 983 1558 domini
1006 1494 1127 1579 hymni,
1152 1516 1243 1577 quem
1268 1495 1384 1572 Deum,
1409 1519 1502 1580 quem

484 1611 623 1687 heroem,
654 1632 744 1694 quem
770 1612 870 1674 vnum
892 1610 1137 1676 celebrabimus?
1171 1611 1242 1675 Pisa
1266 1613 1391 1696 quidem
1413 1613 1501 1677 Joris

483 1740 547 1804 est3
575 1727 756 1813 Olympium
779 1738 933 1793 certamen
957 1730 1095 1793 instituit
1118 1729 1286 1794 Hercules:
1312 1730 1413 1795 Thero
1436 1733 1502 1797 lau·

483 1846 604 1911 dandus
627 1847 666 1910 ob
690 1848 830 1911 curulem
854 1848 1045 1911 victoriam.”
1061 1849 1085 1931 ¹)
1129 1848 1345 1913 'limodemnm
1364 1847 1501 1914 Nemeae

483 1965 630 2029 rictorem
653 1987 783 2029 canens:
808 1965 922 2041 „Unde
943 1965 1131 2030 Homeridae
1146 1966 1208 2030 fere
1224 1967 1397 2051 incipiunt,
1412 1967 1500 2031 Jovis

484 2104 520 2145 ex
545 2082 716 2167 prooemio,
742 2082 791 2145 hic
815 2103 940 2165 quoque
964 2083 1010 2144 vir
1032 2092 1208 2146 sanctorum
1224 2086 1425 2148 certaminum
1439 2086 1499 2147 vic-

480 2202 576 2264 toriae
599 2200 783 2285 principium
807 2200 925 2285 accepit
948 2201 1081 2283 primum
1104 2201 1137 2264 in
1161 2200 1306 2264 Nemeaei
1325 2202 1412 2264 Jovis
1433 2202 1501 2265 lau·

481 2318 638 2383 datissimo
668 2319 807 2400 luco.”²)
853 2319 1027 2383 Praestanti
1050 2341 1120 2382 vero
1144 2320 1267 2404 pietatis
1291 2318 1382 2383 laude
1405 2319 1500 2383 Psou-

481 2435 572 2500 midis
595 2435 785 2501 Camarinaci
810 2437 968 2501 victoriam
991 2436 1160 2500 decoravit:
1175 2436 1263 2515 „Ille
1283 2445 1369 2500 tuam
1391 2436 1499 2501 urbem

481 2564 617 2640 'augens,
642 2554 822 2632 Camarina,
848 2576 914 2618 aras
938 2554 985 2618 bis
1009 2575 1062 2617 sea
1084 2554 1247 2617 honoravit
1270 2556 1301 2618 in
1318 2556 1403 2618 festis
1419 2554 1499 2618 Deo·

480 2694 550 2736 rum
581 2672 739 2756 maximis,
772 2672 902 2736 uictimis
934 2682 965 2735 et
995 2670 1223 2735 certaminibus.
1270 2670 1341 2735 Tibi
1368 2671 1498 2756 gloriam

480 2790 592 2853 laetam
622 2790 719 2853 victor
746 2789 871 2867 retulit,
897 2810 1051 2872 suumque
1074 2796 1192 2873 patrem
1216 2791 1368 2852 Acronem
1391 2791 1499 2853 nonci-

481 2908 544 2971 avit
566 2906 730 2991 sedemque
753 2914 915 2970 recentem.
951 2906 1087 2970 Veniens
1107 2905 1145 2970 ab
1162 2905 1311 2971 Oenomai
1327 2913 1359 2970 et
1373 2906 1497 2991 Pelopis

479 3024 614 3089 amoenis
646 3024 785 3100 sedibus,
818 3046 837 3087 o
869 3032 973 3088 custos
998 3023 1082 3088 urbis
1106 3023 1224 3102 Pallas,
1249 3025 1333 3087 canit
1355 3031 1497 3088 sanctum

478 3151 568 3207 tuom
592 3142 714 3218 lucum,
739 3142 929 3225 fluviumque
953 3140 1073 3218 Oanin,
1098 3150 1129 3205 et
1151 3142 1254 3205 lacum
1277 3142 1409 3206 incolam
1436 3163 1498 3205 am-

479 3282 593 3345 nesque
616 3260 730 3339 claros,
755 3260 869 3344 quibus
894 3260 1042 3345 Hipparis
1065 3260 1216 3345 populum
1239 3260 1416 3345 irrigat.’'³)

522 3378 679 3442 Pessimus
715 3384 818 3441 autem
854 3377 912 3441 hoc
947 3377 1015 3441 loco
1050 3401 1115 3441 esse
1150 3378 1288 3462 copiosi,
1323 3386 1354 3441 et
1389 3378 1495 3443 afferre

478 3494 616 3579 exempla
648 3495 895 3579 quamplurima,
931 3495 1045 3578 quibus
1077 3503 1241 3581 appareat,
1274 3504 1305 3559 et
1335 3496 1495 3560 referendo

478 3614 517 3677 ad
545 3612 626 3677 Deos
654 3622 792 3697 acceptas
821 3614 965 3676 victorias
992 3634 1176 3697 omnemque
1204 3613 1313 3677 laetam
1338 3614 1492 3678 fortunam

478 3733 623 3817 pietatem
655 3754 726 3817 erga
757 3732 838 3795 Deos
870 3732 1099 3796 commendasse
1129 3730 1314 3808 Pindarum,
1346 3740 1377 3795 et
1409 3756 1493 3817 spem

478 3872 579 3913 rerum
603 3849 776 3913 futurarum
801 3849 833 3913 in
854 3848 962 3912 iisdem
982 3849 1154 3934 ponendam
1175 3871 1240 3912 esse
1260 3849 1419 3913 docuisse:
1440 3850 1491 3913 sed

477 3968 590 4032 dixisse
614 3968 687 4031 satis
711 3968 768 4044 sit,
793 3989 863 4032 eom
888 3989 1007 4051 semper
1031 3966 1217 4050 praeclaram
1241 3966 1279 4030 de
1302 3966 1371 4030 Diis
1394 3967 1493 4050 deque

477 4085 582 4149 divino
601 4107 703 4150 rerum
723 4086 926 4150 humanarum
948 4084 1154 4148 moderamine
1173 4087 1373 4163 seutentiam,
1390 4107 1494 4169 quem·

477 4203 643 4268 admodum
674 4225 740 4267 eam
770 4210 860 4266 antea
890 4200 1061 4266 describere
1092 4203 1195 4267 conati
1217 4224 1341 4279 sumus,
1368 4204 1411 4266 ita
1435 4210 1494 4266 tra·

514 4474 777 4538 lt01.II.l,reqq.
860 4474 1071 4531 aiae-‚ran
1156 4474 1410 4539 aroenamqq.
