<?xml version="1.0" encoding="UTF-8"?>
<!DOCTYPE html PUBLIC "-//W3C//DTD XHTML 1.0 Transitional//EN"
    "http://www.w3.org/TR/xhtml1/DTD/xhtml1-transitional.dtd">
<html xmlns="http://www.w3.org/1999/xhtml" xml:lang="en" lang="en">
 <head>
  <title>
</title>
<meta http-equiv="Content-Type" content="text/html;charset=utf-8" />
  <meta name='ocr-system' content='tesseract 3.04.00' />
  <meta name='ocr-capabilities' content='ocr_page ocr_carea ocr_par ocr_line ocrx_word'/>
</head>
<body>
  <div class='ocr_page' id='page_1' title='image "./pindaricarminao01pindgoog_0037.png"; bbox 0 0 3725 5542; ppageno 0'>
   <div class='ocr_carea' id='block_1_1' title="bbox 840 722 880 781">
    <p class='ocr_par' dir='ltr' id='par_1_1' title="bbox 840 722 880 781">
     <span class='ocr_line' id='line_1_1' title="bbox 840 722 880 781; baseline 0.05 -2"><span class='ocrx_word' id='word_1_1' title='bbox 840 722 880 781; x_wconf 74' lang='lat'>25</span> 
     </span>
    </p>
   </div>
   <div class='ocr_carea' id='block_1_2' title="bbox 345 919 1367 1243">
    <p class='ocr_par' dir='ltr' id='par_1_2' title="bbox 345 919 1367 1243">
     <span class='ocr_line' id='line_1_2' title="bbox 347 919 1367 1007; baseline -0.005 -20"><span class='ocrx_word' id='word_1_2' title='bbox 347 934 470 1001; x_wconf 89' lang='lat' dir='ltr'>tntum,</span> <span class='ocrx_word' id='word_1_3' title='bbox 497 930 531 987; x_wconf 88' lang='lat' dir='ltr'>ut</span> <span class='ocrx_word' id='word_1_4' title='bbox 554 922 664 1007; x_wconf 85' lang='lat' dir='ltr'>Trojse</span> <span class='ocrx_word' id='word_1_5' title='bbox 688 921 809 985; x_wconf 89' lang='lat' dir='ltr'>moenia</span> <span class='ocrx_word' id='word_1_6' title='bbox 832 921 985 1005; x_wconf 80' lang='lat' dir='ltr'>perirent,</span> <span class='ocrx_word' id='word_1_7' title='bbox 1010 920 1048 985; x_wconf 85' lang='lat' dir='ltr'>ab</span> <span class='ocrx_word' id='word_1_8' title='bbox 1072 919 1216 1004; x_wconf 77' lang='lat' dir='ltr'>Apolline</span> <span class='ocrx_word' id='word_1_9' title='bbox 1236 928 1267 983; x_wconf 90' lang='lat' dir='ltr'>et</span> <span class='ocrx_word' id='word_1_10' title='bbox 1286 919 1367 1004; x_wconf 90' lang='lat' dir='ltr'>Nep·</span> 
     </span>
     <span class='ocr_line' id='line_1_3' title="bbox 345 1038 1365 1124; baseline -0.005 -18"><span class='ocrx_word' id='word_1_11' title='bbox 345 1052 426 1107; x_wconf 86' lang='lat' dir='ltr'>tuno</span> <span class='ocrx_word' id='word_1_12' title='bbox 456 1042 631 1118; x_wconf 77' lang='lat' dir='ltr'>aedificata,</span> <span class='ocrx_word' id='word_1_13' title='bbox 665 1062 769 1103; x_wconf 88' lang='lat' dir='ltr'>verum</span> <span class='ocrx_word' id='word_1_14' title='bbox 802 1039 880 1103; x_wconf 86' lang='lat' dir='ltr'>banc</span> <span class='ocrx_word' id='word_1_15' title='bbox 911 1039 1010 1124; x_wconf 90' lang='lat' dir='ltr'>ipsam</span> <span class='ocrx_word' id='word_1_16' title='bbox 1034 1038 1073 1102; x_wconf 95' lang='lat' dir='ltr'>ob</span> <span class='ocrx_word' id='word_1_17' title='bbox 1097 1059 1221 1102; x_wconf 86' lang='lat' dir='ltr'>oausam</span> <span class='ocrx_word' id='word_1_18' title='bbox 1245 1041 1365 1101; x_wconf 81' lang='lat' dir='ltr'>Aeacus</span> 
     </span>
     <span class='ocr_line' id='line_1_4' title="bbox 345 1157 1367 1243; baseline -0.005 -17"><span class='ocrx_word' id='word_1_19' title='bbox 345 1164 436 1227; x_wconf 86' lang='lat' dir='ltr'>heros</span> <span class='ocrx_word' id='word_1_20' title='bbox 467 1158 648 1224; x_wconf 85' lang='lat' dir='ltr'>aedificandi</span> <span class='ocrx_word' id='word_1_21' title='bbox 679 1158 781 1222; x_wconf 85' lang='lat' dir='ltr'>socius</span> <span class='ocrx_word' id='word_1_22' title='bbox 812 1157 873 1221; x_wconf 75' lang='lat' dir='ltr'>fuit</span> <span class='ocrx_word' id='word_1_23' title='bbox 903 1164 935 1220; x_wconf 89' lang='lat' dir='ltr'>et</span> <span class='ocrx_word' id='word_1_24' title='bbox 964 1157 997 1221; x_wconf 92' lang='lat' dir='ltr'>in</span> <span class='ocrx_word' id='word_1_25' title='bbox 1029 1158 1095 1243; x_wconf 84' lang='lat' dir='ltr'>ejus</span> <span class='ocrx_word' id='word_1_26' title='bbox 1127 1179 1218 1242; x_wconf 87' lang='lat' dir='ltr'>opere</span> <span class='ocrx_word' id='word_1_27' title='bbox 1248 1157 1367 1242; x_wconf 76' lang='lat' dir='ltr'>fragilia</span> 
     </span>
    </p>
   </div>
   <div class='ocr_carea' id='block_1_3' title="bbox 346 1278 1368 1479">
    <p class='ocr_par' dir='ltr' id='par_1_3' title="bbox 346 1278 1368 1479">
     <span class='ocr_line' id='line_1_5' title="bbox 346 1278 573 1359; baseline -0.013 -16"><span class='ocrx_word' id='word_1_28' title='bbox 346 1280 429 1343; x_wconf 80' lang='lat' dir='ltr'>facta</span> <span class='ocrx_word' id='word_1_29' title='bbox 451 1287 534 1341; x_wconf 91' lang='lat' dir='ltr'>suut.</span> <span class='ocrx_word' id='word_1_30' title='bbox 549 1278 573 1359; x_wconf 88' lang='lat'>¹)</span> 
     </span>
     <span class='ocr_line' id='line_1_6' title="bbox 392 1392 1368 1479; baseline -0.005 -19"><span class='ocrx_word' id='word_1_31' title='bbox 392 1396 464 1460; x_wconf 77' lang='lat' dir='ltr'>Alio</span> <span class='ocrx_word' id='word_1_32' title='bbox 487 1395 555 1459; x_wconf 91' lang='lat' dir='ltr'>loco</span> <span class='ocrx_word' id='word_1_33' title='bbox 575 1392 773 1479; x_wconf 78' lang='lat' dir='ltr'>conjun‘gitur</span> <span class='ocrx_word' id='word_1_34' title='bbox 790 1392 904 1457; x_wconf 79' lang='lat' dir='ltr'>Fatum</span> <span class='ocrx_word' id='word_1_35' title='bbox 920 1392 1068 1476; x_wconf 76' lang='lat' dir='ltr'>lorisque</span> <span class='ocrx_word' id='word_1_36' title='bbox 1083 1392 1240 1457; x_wconf 84' lang='lat' dir='ltr'>voluntas:</span> <span class='ocrx_word' id='word_1_37' title='bbox 1257 1392 1368 1456; x_wconf 83' lang='lat' dir='ltr'><strong>Peleus</strong></span> 
     </span>
    </p>
   </div>
   <div class='ocr_carea' id='block_1_4' title="bbox 346 1509 1314 1601">
    <p class='ocr_par' dir='ltr' id='par_1_4' title="bbox 346 1509 1314 1601">
     <span class='ocr_line' id='line_1_7' title="bbox 346 1509 1314 1601; baseline -0.004 -23"><span class='ocrx_word' id='word_1_38' title='bbox 346 1516 502 1601; x_wconf 84' lang='lat' dir='ltr'>periturus</span> <span class='ocrx_word' id='word_1_39' title='bbox 526 1512 645 1577; x_wconf 82' lang='lat' dir='ltr'>insidiis</span> <span class='ocrx_word' id='word_1_40' title='bbox 669 1510 847 1587; x_wconf 86' lang='lat' dir='ltr'>videbatur,</span> <span class='ocrx_word' id='word_1_41' title='bbox 872 1511 923 1575; x_wconf 86' lang='lat' dir='ltr'>sed</span> <span class='ocrx_word' id='word_1_42' title='bbox 949 1532 1019 1573; x_wconf 89' lang='lat' dir='ltr'>enm</span> <span class='ocrx_word' id='word_1_43' title='bbox 1043 1511 1174 1574; x_wconf 84' lang='lat' dir='ltr'>servavit</span> <span class='ocrx_word' id='word_1_44' title='bbox 1198 1509 1314 1575; x_wconf 82' lang='lat' dir='ltr'>Chiron</span> 
     </span>
    </p>
   </div>
   <div class='ocr_carea' id='block_1_5' title="bbox 338 1628 1367 3837">
    <p class='ocr_par' dir='ltr' id='par_1_5' title="bbox 344 1628 1204 1953">
     <span class='ocr_line' id='line_1_8' title="bbox 614 1628 1079 1708; baseline -0.011 -13"><span class='ocrx_word' id='word_1_45' title='bbox 614 1630 662 1695; x_wconf 76' lang='lat' dir='ltr'>xci</span> <span class='ocrx_word' id='word_1_46' title='bbox 686 1630 721 1693; x_wconf 77' lang='lat' dir='ltr'>rb</span> <span class='ocrx_word' id='word_1_47' title='bbox 743 1631 881 1708; x_wconf 75' lang='grc' dir='ltr'>μόρσιμον</span> <span class='ocrx_word' id='word_1_48' title='bbox 907 1628 1005 1694; x_wconf 72' lang='grc' dir='ltr'><em>Διόθεν</em></span> <span class='ocrx_word' id='word_1_49' title='bbox 1028 1651 1079 1691; x_wconf 77' lang='grc' dir='ltr'>πε-</span> 
     </span>
     <span class='ocr_line' id='line_1_9' title="bbox 618 1746 917 1828; baseline 0 -17"><span class='ocrx_word' id='word_1_50' title='bbox 618 1746 762 1827; x_wconf 80' lang='grc' dir='ltr'>πρωμένον</span> <span class='ocrx_word' id='word_1_51' title='bbox 789 1748 917 1828; x_wconf 75' lang='grc' dir='ltr'>ἔκφερεν·</span> 
     </span>
     <span class='ocr_line' id='line_1_10' title="bbox 344 1864 1204 1953; baseline -0.006 -22"><span class='ocrx_word' id='word_1_52' title='bbox 344 1874 373 1931; x_wconf 73' lang='lat' dir='ltr'>et</span> <span class='ocrx_word' id='word_1_53' title='bbox 395 1868 474 1952; x_wconf 80' lang='lat' dir='ltr'>quod</span> <span class='ocrx_word' id='word_1_54' title='bbox 484 1869 562 1953; x_wconf 77' lang='lat' dir='ltr'>sato</span> <span class='ocrx_word' id='word_1_55' title='bbox 584 1872 648 1929; x_wconf 81' lang='lat' dir='ltr'>crat</span> <span class='ocrx_word' id='word_1_56' title='bbox 670 1888 705 1929; x_wconf 75' lang='lat' dir='ltr'>ec</span> <span class='ocrx_word' id='word_1_57' title='bbox 726 1867 796 1929; x_wconf 82' lang='lat' dir='ltr'>Jove</span> <span class='ocrx_word' id='word_1_58' title='bbox 820 1864 1006 1929; x_wconf 79' lang='lat' dir='ltr'>constitutam</span> <span class='ocrx_word' id='word_1_59' title='bbox 1024 1865 1165 1947; x_wconf 77' lang='lat' dir='ltr'>perfecit.</span> <span class='ocrx_word' id='word_1_60' title='bbox 1179 1868 1204 1947; x_wconf 64' lang='grc' dir='ltr'>ς)</span> 
     </span>
    </p>

    <p class='ocr_par' dir='ltr' id='par_1_6' title="bbox 338 1982 1367 3837">
     <span class='ocr_line' id='line_1_11' title="bbox 389 1982 1367 2048; baseline -0.001 -2"><span class='ocrx_word' id='word_1_61' title='bbox 389 1984 490 2048; x_wconf 88' lang='lat' dir='ltr'>Semel</span> <span class='ocrx_word' id='word_1_62' title='bbox 514 2005 585 2048; x_wconf 83' lang='lat' dir='ltr'>vero</span> <span class='ocrx_word' id='word_1_63' title='bbox 608 1984 707 2047; x_wconf 82' lang='lat' dir='ltr'>fusius</span> <span class='ocrx_word' id='word_1_64' title='bbox 727 1982 838 2047; x_wconf 78' lang='lat' dir='ltr'>llatum</span> <span class='ocrx_word' id='word_1_65' title='bbox 858 1990 1045 2046; x_wconf 86' lang='lat' dir='ltr'>memoratur</span> <span class='ocrx_word' id='word_1_66' title='bbox 1064 2007 1083 2045; x_wconf 82' lang='lat' dir='ltr'>a</span> <span class='ocrx_word' id='word_1_67' title='bbox 1103 1982 1239 2046; x_wconf 86' lang='lat' dir='ltr'>Deorum</span> <span class='ocrx_word' id='word_1_68' title='bbox 1260 1982 1367 2045; x_wconf 82' lang='lat' dir='ltr'>volun·</span> 
     </span>
     <span class='ocr_line' id='line_1_12' title="bbox 345 2100 1364 2186; baseline -0.002 -21"><span class='ocrx_word' id='word_1_69' title='bbox 345 2110 408 2165; x_wconf 86' lang='lat' dir='ltr'>tate</span> <span class='ocrx_word' id='word_1_70' title='bbox 438 2104 624 2186; x_wconf 84' lang='lat' dir='ltr'>sejunctum.</span> <span class='ocrx_word' id='word_1_71' title='bbox 671 2101 743 2180; x_wconf 78' lang='lat' dir='ltr'>Quo</span> <span class='ocrx_word' id='word_1_72' title='bbox 771 2100 838 2165; x_wconf 87' lang='lat' dir='ltr'>loco</span> <span class='ocrx_word' id='word_1_73' title='bbox 861 2100 967 2179; x_wconf 88' lang='lat' dir='ltr'>malis,</span> <span class='ocrx_word' id='word_1_74' title='bbox 993 2122 1072 2184; x_wconf 87' lang='lat' dir='ltr'>quae</span> <span class='ocrx_word' id='word_1_75' title='bbox 1096 2100 1205 2164; x_wconf 74' lang='lat' dir='ltr'>Istum</span> <span class='ocrx_word' id='word_1_76' title='bbox 1231 2100 1364 2176; x_wconf 85' lang='lat' dir='ltr'>ferebat,</span> 
     </span>
     <span class='ocr_line' id='line_1_13' title="bbox 345 2218 1365 2304; baseline -0.002 -21"><span class='ocrx_word' id='word_1_77' title='bbox 345 2219 460 2283; x_wconf 86' lang='lat' dir='ltr'>auditis</span> <span class='ocrx_word' id='word_1_78' title='bbox 490 2242 528 2283; x_wconf 83' lang='lat' dir='ltr'>ex</span> <span class='ocrx_word' id='word_1_79' title='bbox 557 2218 723 2295; x_wconf 75' lang='lat' dir='ltr'>Themide,</span> <span class='ocrx_word' id='word_1_80' title='bbox 756 2220 915 2303; x_wconf 86' lang='lat' dir='ltr'>cognitum</span> <span class='ocrx_word' id='word_1_81' title='bbox 948 2219 1119 2304; x_wconf 88' lang='lat' dir='ltr'>periculum</span> <span class='ocrx_word' id='word_1_82' title='bbox 1148 2219 1304 2283; x_wconf 72' lang='lat' dir='ltr'>evitarunt</span> <span class='ocrx_word' id='word_1_83' title='bbox 1330 2239 1365 2281; x_wconf 89' lang='lat' dir='ltr'>ae</span> 
     </span>
     <span class='ocr_line' id='line_1_14' title="bbox 346 2336 1366 2414; baseline -0.001 -13"><span class='ocrx_word' id='word_1_84' title='bbox 346 2339 463 2402; x_wconf 85' lang='lat' dir='ltr'>tutiora</span> <span class='ocrx_word' id='word_1_85' title='bbox 485 2339 584 2403; x_wconf 88' lang='lat' dir='ltr'>secuti</span> <span class='ocrx_word' id='word_1_86' title='bbox 607 2348 690 2403; x_wconf 88' lang='lat' dir='ltr'>sunt.</span> <span class='ocrx_word' id='word_1_87' title='bbox 738 2336 837 2414; x_wconf 89' lang='lat' dir='ltr'>Nam,</span> <span class='ocrx_word' id='word_1_88' title='bbox 861 2337 1051 2401; x_wconf 75' lang='lat' dir='ltr'>certantibus</span> <span class='ocrx_word' id='word_1_89' title='bbox 1075 2338 1113 2401; x_wconf 91' lang='lat' dir='ltr'>de</span> <span class='ocrx_word' id='word_1_90' title='bbox 1137 2337 1278 2401; x_wconf 77' lang='lat' dir='ltr'>Thetidis</span> <span class='ocrx_word' id='word_1_91' title='bbox 1297 2359 1366 2401; x_wconf 90' lang='lat' dir='ltr'>oon-</span> 
     </span>
     <span class='ocr_line' id='line_1_15' title="bbox 340 2453 1365 2541; baseline -0.001 -22"><span class='ocrx_word' id='word_1_92' title='bbox 340 2456 431 2541; x_wconf 79' lang='lat' dir='ltr'>jugio</span> <span class='ocrx_word' id='word_1_93' title='bbox 462 2455 538 2519; x_wconf 86' lang='lat' dir='ltr'>Jove</span> <span class='ocrx_word' id='word_1_94' title='bbox 570 2464 601 2521; x_wconf 88' lang='lat' dir='ltr'>et</span> <span class='ocrx_word' id='word_1_95' title='bbox 625 2454 790 2541; x_wconf 85' lang='lat' dir='ltr'>Neptuno,</span> <span class='ocrx_word' id='word_1_96' title='bbox 814 2455 894 2520; x_wconf 87' lang='lat' dir='ltr'>dixit</span> <span class='ocrx_word' id='word_1_97' title='bbox 916 2457 949 2520; x_wconf 91' lang='lat' dir='ltr'>in</span> <span class='ocrx_word' id='word_1_98' title='bbox 972 2456 1081 2521; x_wconf 90' lang='lat' dir='ltr'>mediis</span> <span class='ocrx_word' id='word_1_99' title='bbox 1104 2455 1246 2519; x_wconf 76' lang='lat' dir='ltr'>Themis:</span> <span class='ocrx_word' id='word_1_100' title='bbox 1267 2453 1365 2532; x_wconf 80' lang='lat' dir='ltr'>„Fato</span> 
     </span>
     <span class='ocr_line' id='line_1_16' title="bbox 343 2574 1365 2660; baseline -0.002 -22"><span class='ocrx_word' id='word_1_101' title='bbox 343 2576 549 2639; x_wconf 88' lang='lat' dir='ltr'>constitutum</span> <span class='ocrx_word' id='word_1_102' title='bbox 575 2596 657 2651; x_wconf 87' lang='lat' dir='ltr'>esse,</span> <span class='ocrx_word' id='word_1_103' title='bbox 683 2582 718 2639; x_wconf 88' lang='lat' dir='ltr'>ut</span> <span class='ocrx_word' id='word_1_104' title='bbox 742 2575 808 2639; x_wconf 88' lang='lat' dir='ltr'>Dea</span> <span class='ocrx_word' id='word_1_105' title='bbox 830 2575 949 2639; x_wconf 86' lang='lat' dir='ltr'>marina</span> <span class='ocrx_word' id='word_1_106' title='bbox 972 2574 1176 2660; x_wconf 87' lang='lat' dir='ltr'>potentiorem</span> <span class='ocrx_word' id='word_1_107' title='bbox 1200 2595 1257 2637; x_wconf 87' lang='lat' dir='ltr'>suo</span> <span class='ocrx_word' id='word_1_108' title='bbox 1281 2580 1365 2657; x_wconf 86' lang='lat' dir='ltr'>patre</span> 
     </span>
     <span class='ocr_line' id='line_1_17' title="bbox 342 2691 1364 2779; baseline -0.003 -22"><span class='ocrx_word' id='word_1_109' title='bbox 342 2693 442 2757; x_wconf 86' lang='lat' dir='ltr'>filium</span> <span class='ocrx_word' id='word_1_110' title='bbox 466 2700 599 2779; x_wconf 88' lang='lat' dir='ltr'>pareret,</span> <span class='ocrx_word' id='word_1_111' title='bbox 624 2693 677 2778; x_wconf 95' lang='lat' dir='ltr'>qui</span> <span class='ocrx_word' id='word_1_112' title='bbox 703 2693 831 2758; x_wconf 83' lang='lat' dir='ltr'>fulmine</span> <span class='ocrx_word' id='word_1_113' title='bbox 855 2700 885 2757; x_wconf 90' lang='lat' dir='ltr'>et</span> <span class='ocrx_word' id='word_1_114' title='bbox 906 2692 1039 2757; x_wconf 86' lang='lat' dir='ltr'>tridente</span> <span class='ocrx_word' id='word_1_115' title='bbox 1059 2694 1158 2777; x_wconf 86' lang='lat' dir='ltr'>majus</span> <span class='ocrx_word' id='word_1_116' title='bbox 1178 2691 1263 2756; x_wconf 89' lang='lat' dir='ltr'>aliud</span> <span class='ocrx_word' id='word_1_117' title='bbox 1281 2692 1364 2776; x_wconf 84' lang='lat' dir='ltr'>jacu-</span> 
     </span>
     <span class='ocr_line' id='line_1_18' title="bbox 341 2809 1362 2896; baseline -0.003 -21"><span class='ocrx_word' id='word_1_118' title='bbox 341 2812 407 2876; x_wconf 88' lang='lat' dir='ltr'>lum</span> <span class='ocrx_word' id='word_1_119' title='bbox 440 2833 535 2877; x_wconf 82' lang='lat' dir='ltr'>manu</span> <span class='ocrx_word' id='word_1_120' title='bbox 557 2820 683 2876; x_wconf 83' lang='lat' dir='ltr'>acturus</span> <span class='ocrx_word' id='word_1_121' title='bbox 707 2820 803 2888; x_wconf 87' lang='lat' dir='ltr'>esset,</span> <span class='ocrx_word' id='word_1_122' title='bbox 827 2811 897 2875; x_wconf 86' lang='lat' dir='ltr'>Jovi</span> <span class='ocrx_word' id='word_1_123' title='bbox 921 2821 1020 2895; x_wconf 86' lang='lat' dir='ltr'>nupta</span> <span class='ocrx_word' id='word_1_124' title='bbox 1043 2810 1090 2874; x_wconf 87' lang='lat' dir='ltr'>vel</span> <span class='ocrx_word' id='word_1_125' title='bbox 1115 2812 1182 2896; x_wconf 85' lang='lat' dir='ltr'>ejus</span> <span class='ocrx_word' id='word_1_126' title='bbox 1206 2809 1362 2874; x_wconf 84' lang='lat' dir='ltr'>fratribus.</span> 
     </span>
     <span class='ocr_line' id='line_1_19' title="bbox 340 2927 1365 2994; baseline 0 -3"><span class='ocrx_word' id='word_1_127' title='bbox 340 2928 457 2994; x_wconf 82' lang='lat' dir='ltr'>Verum</span> <span class='ocrx_word' id='word_1_128' title='bbox 489 2928 608 2993; x_wconf 87' lang='lat' dir='ltr'>finitote</span> <span class='ocrx_word' id='word_1_129' title='bbox 639 2930 723 2994; x_wconf 84' lang='lat' dir='ltr'>baec.</span> <span class='ocrx_word' id='word_1_130' title='bbox 771 2930 903 2994; x_wconf 80' lang='lat' dir='ltr'>Mortale</span> <span class='ocrx_word' id='word_1_131' title='bbox 930 2940 1022 2994; x_wconf 87' lang='lat' dir='ltr'>nacta</span> <span class='ocrx_word' id='word_1_132' title='bbox 1044 2929 1234 2994; x_wconf 89' lang='lat' dir='ltr'>connubium</span> <span class='ocrx_word' id='word_1_133' title='bbox 1262 2927 1365 2992; x_wconf 85' lang='lat' dir='ltr'>videat</span> 
     </span>
     <span class='ocr_line' id='line_1_20' title="bbox 340 3047 1366 3133; baseline 0 -22"><span class='ocrx_word' id='word_1_134' title='bbox 340 3048 459 3125; x_wconf 88' lang='lat' dir='ltr'>filium,</span> <span class='ocrx_word' id='word_1_135' title='bbox 492 3048 546 3132; x_wconf 92' lang='lat' dir='ltr'>qui</span> <span class='ocrx_word' id='word_1_136' title='bbox 576 3049 726 3113; x_wconf 83' lang='lat' dir='ltr'>moriatur</span> <span class='ocrx_word' id='word_1_137' title='bbox 757 3049 789 3113; x_wconf 90' lang='lat' dir='ltr'>in</span> <span class='ocrx_word' id='word_1_138' title='bbox 822 3047 920 3125; x_wconf 88' lang='lat' dir='ltr'>hello,</span> <span class='ocrx_word' id='word_1_139' title='bbox 950 3070 1043 3113; x_wconf 89' lang='lat' dir='ltr'>mauu</span> <span class='ocrx_word' id='word_1_140' title='bbox 1068 3047 1162 3112; x_wconf 89' lang='lat' dir='ltr'>Marti</span> <span class='ocrx_word' id='word_1_141' title='bbox 1186 3069 1288 3133; x_wconf 87' lang='lat' dir='ltr'>parem</span> <span class='ocrx_word' id='word_1_142' title='bbox 1315 3070 1366 3133; x_wconf 89' lang='lat' dir='ltr'>pe·</span> 
     </span>
     <span class='ocr_line' id='line_1_21' title="bbox 341 3163 1366 3249; baseline 0 -20"><span class='ocrx_word' id='word_1_143' title='bbox 341 3165 481 3249; x_wconf 89' lang='lat' dir='ltr'>dumque</span> <span class='ocrx_word' id='word_1_144' title='bbox 504 3166 657 3230; x_wconf 84' lang='lat' dir='ltr'>celeritate</span> <span class='ocrx_word' id='word_1_145' title='bbox 677 3165 869 3230; x_wconf 83' lang='lat' dir='ltr'>fulminibus.</span> <span class='ocrx_word' id='word_1_146' title='bbox 907 3165 1064 3248; x_wconf 81' lang='lat' dir='ltr'>Equidem</span> <span class='ocrx_word' id='word_1_147' title='bbox 1085 3187 1209 3244; x_wconf 86' lang='lat' dir='ltr'>censeo,</span> <span class='ocrx_word' id='word_1_148' title='bbox 1229 3163 1366 3229; x_wconf 88' lang='lat' dir='ltr'>dandum</span> 
     </span>
     <span class='ocr_line' id='line_1_22' title="bbox 341 3282 1365 3348; baseline -0.002 -1"><span class='ocrx_word' id='word_1_149' title='bbox 341 3282 435 3347; x_wconf 88' lang='lat' dir='ltr'>Peleo</span> <span class='ocrx_word' id='word_1_150' title='bbox 458 3282 598 3347; x_wconf 84' lang='lat' dir='ltr'>divinum</span> <span class='ocrx_word' id='word_1_151' title='bbox 622 3282 770 3348; x_wconf 91' lang='lat' dir='ltr'>honorem</span> <span class='ocrx_word' id='word_1_152' title='bbox 794 3283 972 3348; x_wconf 89' lang='lat' dir='ltr'>connubii.&#39;&#39;</span> <span class='ocrx_word' id='word_1_153' title='bbox 996 3283 1045 3348; x_wconf 87' lang='lat' dir='ltr'>Sic</span> <span class='ocrx_word' id='word_1_154' title='bbox 1069 3284 1108 3348; x_wconf 88' lang='lat' dir='ltr'>ad</span> <span class='ocrx_word' id='word_1_155' title='bbox 1127 3282 1278 3347; x_wconf 84' lang='lat' dir='ltr'>Oronidas</span> <span class='ocrx_word' id='word_1_156' title='bbox 1298 3282 1365 3345; x_wconf 88' lang='lat' dir='ltr'>Dea</span> 
     </span>
     <span class='ocr_line' id='line_1_23' title="bbox 340 3400 1365 3479; baseline -0.001 -14"><span class='ocrx_word' id='word_1_157' title='bbox 340 3402 449 3465; x_wconf 84' lang='lat' dir='ltr'>locuta</span> <span class='ocrx_word' id='word_1_158' title='bbox 478 3407 542 3464; x_wconf 89' lang='lat' dir='ltr'>est:</span> <span class='ocrx_word' id='word_1_159' title='bbox 573 3400 620 3464; x_wconf 90' lang='lat' dir='ltr'>illi</span> <span class='ocrx_word' id='word_1_160' title='bbox 651 3400 730 3465; x_wconf 89' lang='lat' dir='ltr'>ciliis</span> <span class='ocrx_word' id='word_1_161' title='bbox 753 3410 931 3467; x_wconf 89' lang='lat' dir='ltr'>annuerunt</span> <span class='ocrx_word' id='word_1_162' title='bbox 953 3400 1199 3479; x_wconf 79' lang='lat' dir='ltr'>immortalibus,</span> <span class='ocrx_word' id='word_1_163' title='bbox 1221 3423 1277 3466; x_wconf 89' lang='lat' dir='ltr'>nec</span> <span class='ocrx_word' id='word_1_164' title='bbox 1300 3422 1365 3465; x_wconf 85' lang='lat' dir='ltr'>ver·</span> 
     </span>
     <span class='ocr_line' id='line_1_24' title="bbox 341 3517 1365 3605; baseline -0.001 -22"><span class='ocrx_word' id='word_1_165' title='bbox 341 3518 453 3583; x_wconf 86' lang='lat' dir='ltr'>borum</span> <span class='ocrx_word' id='word_1_166' title='bbox 482 3517 602 3582; x_wconf 81' lang='lat' dir='ltr'>fructus</span> <span class='ocrx_word' id='word_1_167' title='bbox 633 3518 759 3583; x_wconf 89' lang='lat' dir='ltr'>interiit.</span> <span class='ocrx_word' id='word_1_168' title='bbox 774 3519 798 3603; x_wconf 73' lang='grc'>8)</span> <span class='ocrx_word' id='word_1_169' title='bbox 844 3518 927 3604; x_wconf 82' lang='lat' dir='ltr'>Ergo</span> <span class='ocrx_word' id='word_1_170' title='bbox 959 3519 1031 3583; x_wconf 83' lang='lat' dir='ltr'>diva</span> <span class='ocrx_word' id='word_1_171' title='bbox 1060 3519 1130 3583; x_wconf 81' lang='lat' dir='ltr'>Fati</span> <span class='ocrx_word' id='word_1_172' title='bbox 1160 3519 1309 3605; x_wconf 84' lang='lat' dir='ltr'>interpres</span> <span class='ocrx_word' id='word_1_173' title='bbox 1334 3526 1365 3583; x_wconf 86' lang='lat' dir='ltr'>et</span> 
     </span>
     <span class='ocr_line' id='line_1_25' title="bbox 338 3634 1366 3721; baseline 0.002 -23"><span class='ocrx_word' id='word_1_174' title='bbox 338 3656 439 3721; x_wconf 81' lang='lat' dir='ltr'>gnara</span> <span class='ocrx_word' id='word_1_175' title='bbox 462 3634 559 3699; x_wconf 85' lang='lat' dir='ltr'>futuri</span> <span class='ocrx_word' id='word_1_176' title='bbox 583 3637 681 3700; x_wconf 84' lang='lat' dir='ltr'>amica</span> <span class='ocrx_word' id='word_1_177' title='bbox 703 3636 928 3702; x_wconf 74' lang='lat' dir='ltr'>immortalibus</span> <span class='ocrx_word' id='word_1_178' title='bbox 952 3637 1011 3701; x_wconf 88' lang='lat' dir='ltr'>fnit</span> <span class='ocrx_word' id='word_1_179' title='bbox 1032 3659 1133 3721; x_wconf 88' lang='lat' dir='ltr'>neque</span> <span class='ocrx_word' id='word_1_180' title='bbox 1152 3660 1204 3701; x_wconf 91' lang='lat' dir='ltr'>eos</span> <span class='ocrx_word' id='word_1_181' title='bbox 1223 3636 1366 3701; x_wconf 84' lang='lat' dir='ltr'>adversos</span> 
     </span>
     <span class='ocr_line' id='line_1_26' title="bbox 339 3752 500 3837; baseline -0.012 -20"><span class='ocrx_word' id='word_1_182' title='bbox 339 3752 462 3819; x_wconf 86' lang='lat' dir='ltr'>babuit.</span> <span class='ocrx_word' id='word_1_183' title='bbox 477 3754 500 3837; x_wconf 86' lang='lat'>⁴)</span> 
     </span>
    </p>
   </div>
   <div class='ocr_carea' id='block_1_6' title="bbox 389 3870 1483 3960">
    <p class='ocr_par' dir='ltr' id='par_1_7' title="bbox 389 3870 1483 3960">
     <span class='ocr_line' id='line_1_27' title="bbox 389 3870 1483 3960; baseline -0.001 -26"><span class='ocrx_word' id='word_1_184' title='bbox 389 3870 465 3935; x_wconf 83' lang='lat' dir='ltr'>Fato</span> <span class='ocrx_word' id='word_1_185' title='bbox 498 3880 601 3937; x_wconf 86' lang='lat' dir='ltr'>autem</span> <span class='ocrx_word' id='word_1_186' title='bbox 633 3874 780 3938; x_wconf 89' lang='lat' dir='ltr'>tribuitur</span> <span class='ocrx_word' id='word_1_187' title='bbox 809 3895 890 3938; x_wconf 85' lang='lat' dir='ltr'>mors</span> <span class='ocrx_word' id='word_1_188' title='bbox 921 3872 1128 3960; x_wconf 90' lang='lat' dir='ltr'>Neoptolemi.</span> <span class='ocrx_word' id='word_1_189' title='bbox 1176 3872 1240 3953; x_wconf 77' lang='lat' dir='ltr'>Qui</span> <span class='ocrx_word' id='word_1_190' title='bbox 1269 3895 1365 3957; x_wconf 89' lang='lat' dir='ltr'>quum</span> <span class='ocrx_word' id='word_1_191' title='bbox 1478 3926 1483 3933; x_wconf 92' lang='lat'><em>.</em></span> 
     </span>
    </p>
   </div>
   <div class='ocr_carea' id='block_1_7' title="bbox 340 4020 528 4032">
    <p class='ocr_par' dir='ltr' id='par_1_8' title="bbox 340 4020 528 4032">
     <span class='ocr_line' id='line_1_28' title="bbox 340 4020 528 4032; baseline -0.005 0"><span class='ocrx_word' id='word_1_192' title='bbox 340 4020 528 4032; x_wconf 71' lang='grc'>---</span> 
     </span>
    </p>
   </div>
   <div class='ocr_carea' id='block_1_8' title="bbox 334 4110 1366 4557">
    <p class='ocr_par' dir='ltr' id='par_1_9' title="bbox 377 4110 1137 4179">
     <span class='ocr_line' id='line_1_29' title="bbox 377 4110 1137 4179; baseline 0.007 -19"><span class='ocrx_word' id='word_1_193' title='bbox 377 4112 401 4171; x_wconf 86' lang='grc'>1)</span> <span class='ocrx_word' id='word_1_194' title='bbox 422 4111 460 4161; x_wconf 73' lang='lat'>01.</span> <span class='ocrx_word' id='word_1_195' title='bbox 482 4111 556 4161; x_wconf 81' lang='lat' dir='ltr'><em>VIII.</em></span> <span class='ocrx_word' id='word_1_196' title='bbox 574 4114 615 4161; x_wconf 75' lang='lat'>44.</span> <span class='ocrx_word' id='word_1_197' title='bbox 634 4110 704 4162; x_wconf 77' lang='lat' dir='ltr'>conl.</span> <span class='ocrx_word' id='word_1_198' title='bbox 721 4131 776 4179; x_wconf 72' lang='lat' dir='ltr'>paq.</span> <span class='ocrx_word' id='word_1_199' title='bbox 797 4116 835 4163; x_wconf 84' lang='grc'>18.</span> <span class='ocrx_word' id='word_1_200' title='bbox 904 4116 930 4176; x_wconf 73' lang='grc'>2)</span> <span class='ocrx_word' id='word_1_201' title='bbox 949 4118 1014 4165; x_wconf 74' lang='lat' dir='ltr'>Nm.</span> <span class='ocrx_word' id='word_1_202' title='bbox 1034 4116 1077 4165; x_wconf 83' lang='lat' dir='ltr'>IV.</span> <span class='ocrx_word' id='word_1_203' title='bbox 1096 4116 1137 4165; x_wconf 75' lang='lat'>⁹9.</span> 
     </span>
    </p>

    <p class='ocr_par' dir='ltr' id='par_1_10' title="bbox 375 4206 943 4275">
     <span class='ocr_line' id='line_1_30' title="bbox 375 4206 943 4275; baseline 0.011 -21"><span class='ocrx_word' id='word_1_204' title='bbox 375 4207 402 4267; x_wconf 76' lang='lat'>8)</span> <span class='ocrx_word' id='word_1_205' title='bbox 421 4206 483 4257; x_wconf 76' lang='lat' dir='ltr'>Isth.</span> <span class='ocrx_word' id='word_1_206' title='bbox 506 4207 581 4257; x_wconf 86' lang='lat' dir='ltr'><em>VIII.</em></span> <span class='ocrx_word' id='word_1_207' title='bbox 600 4208 723 4257; x_wconf 81' lang='lat' dir='ltr'>te-loa.</span> <span class='ocrx_word' id='word_1_208' title='bbox 741 4210 812 4259; x_wconf 82' lang='lat' dir='ltr'>Conl.</span> <span class='ocrx_word' id='word_1_209' title='bbox 828 4226 883 4275; x_wconf 68' lang='lat' dir='ltr'>paq.</span> <span class='ocrx_word' id='word_1_210' title='bbox 904 4210 943 4262; x_wconf 79' lang='lat'>17.</span> 
     </span>
    </p>

    <p class='ocr_par' dir='ltr' id='par_1_11' title="bbox 334 4300 1366 4557">
     <span class='ocr_line' id='line_1_31' title="bbox 373 4300 1363 4370; baseline 0.004 -20"><span class='ocrx_word' id='word_1_211' title='bbox 373 4304 399 4363; x_wconf 76' lang='lat'>4)</span> <span class='ocrx_word' id='word_1_212' title='bbox 418 4300 504 4351; x_wconf 79' lang='lat' dir='ltr'>Fatum</span> <span class='ocrx_word' id='word_1_213' title='bbox 522 4301 547 4350; x_wconf 87' lang='lat' dir='ltr'>iu</span> <span class='ocrx_word' id='word_1_214' title='bbox 566 4302 744 4355; x_wconf 75' lang='lat' dir='ltr'>immortalibus</span> <span class='ocrx_word' id='word_1_215' title='bbox 761 4304 824 4369; x_wconf 85' lang='lat' dir='ltr'>apud</span> <span class='ocrx_word' id='word_1_216' title='bbox 842 4305 989 4370; x_wconf 79' lang='lat' dir='ltr'>Aeschylum</span> <span class='ocrx_word' id='word_1_217' title='bbox 1006 4321 1103 4370; x_wconf 81' lang='lat' dir='ltr'>quoque</span> <span class='ocrx_word' id='word_1_218' title='bbox 1119 4305 1218 4355; x_wconf 79' lang='lat' dir='ltr'>&#39;l&#39;bomia</span> <span class='ocrx_word' id='word_1_219' title='bbox 1235 4306 1363 4369; x_wconf 79' lang='lat' dir='ltr'>praedicit:</span> 
     </span>
     <span class='ocr_line' id='line_1_32' title="bbox 336 4396 1366 4466; baseline 0.002 -19"><span class='ocrx_word' id='word_1_220' title='bbox 336 4396 390 4447; x_wconf 78' lang='lat' dir='ltr'>vit.</span> <span class='ocrx_word' id='word_1_221' title='bbox 413 4396 492 4446; x_wconf 71' lang='lat' dir='ltr'>Pron.</span> <span class='ocrx_word' id='word_1_222' title='bbox 515 4396 578 4455; x_wconf 81' lang='lat' dir='ltr'>alc,</span> <span class='ocrx_word' id='word_1_223' title='bbox 603 4396 660 4449; x_wconf 78' lang='grc'><strong>873.</strong></span> <span class='ocrx_word' id='word_1_224' title='bbox 693 4400 739 4449; x_wconf 86' lang='lat' dir='ltr'>Sed</span> <span class='ocrx_word' id='word_1_225' title='bbox 763 4400 796 4449; x_wconf 88' lang='lat' dir='ltr'>ibi</span> <span class='ocrx_word' id='word_1_226' title='bbox 815 4400 937 4466; x_wconf 77' lang='lat' dir='ltr'>pugnandi</span> <span class='ocrx_word' id='word_1_227' title='bbox 955 4401 1019 4451; x_wconf 80' lang='lat' dir='ltr'>riam</span> <span class='ocrx_word' id='word_1_228' title='bbox 1039 4400 1146 4451; x_wconf 76' lang='lat' dir='ltr'>ostendit</span> <span class='ocrx_word' id='word_1_229' title='bbox 1163 4415 1291 4463; x_wconf 80' lang='lat' dir='ltr'>rerumque</span> <span class='ocrx_word' id='word_1_230' title='bbox 1308 4416 1366 4449; x_wconf 85' lang='lat' dir='ltr'>oon·</span> 
     </span>
     <span class='ocr_line' id='line_1_33' title="bbox 334 4492 623 4557; baseline 0.007 -16"><span class='ocrx_word' id='word_1_231' title='bbox 334 4492 475 4541; x_wconf 75' lang='lat' dir='ltr'>senionem</span> <span class='ocrx_word' id='word_1_232' title='bbox 494 4492 623 4557; x_wconf 78' lang='lat' dir='ltr'>praedicit.</span> 
     </span>
    </p>
   </div>
   <div class='ocr_carea' id='block_1_9' title="bbox 0 0 1868 5542">
    <p class='ocr_par' dir='ltr' id='par_1_12' title="bbox 0 0 1868 5542">
     <span class='ocr_line' id='line_1_34' title="bbox 0 0 1868 5542; baseline 0 1"><span class='ocrx_word' id='word_1_233' title='bbox 0 0 1868 5542; x_wconf 95' lang='lat' dir='ltr'> </span> 
     </span>
    </p>
   </div>
  </div>
 </body>
</html>
