3725 5542
980 699 1022 760 88

489 903 535 980 si,
560 902 632 986 quid
658 901 784 988 probet,
809 901 996 984 quaerimus,
1020 899 1059 964 ab
1082 901 1166 963 omni
1183 899 1343 963 audaciore
1358 898 1501 975 oonsilio,

491 1021 549 1086 nisi
573 1019 707 1104 aliquam
730 1019 941 1084 necessitatem
964 1018 1049 1082 Deus
1072 1018 1195 1096 alferat,
1218 1017 1336 1082 alienus
1359 1024 1419 1081 est:
1439 1038 1501 1080 om·

491 1139 564 1203 nino
595 1138 628 1202 in
659 1136 829 1202 cohibendo
859 1137 990 1201 maxima
1016 1144 1063 1200 est
1081 1115 1168 1222 ispud
1191 1158 1262 1200 eum
1284 1136 1501 1222 temperantiae

490 1258 575 1336 laus,
608 1278 688 1334 non,
719 1255 976 1340 quemadmodum
1005 1255 1088 1341 apud
1110 1255 1297 1334 Pindarum,
1319 1263 1383 1320 tam
1405 1256 1438 1319 in
1460 1255 1502 1320 le-

488 1376 583 1442 rendo
613 1398 705 1461 quem
736 1377 769 1440 in
800 1374 990 1440 emendando
1013 1375 1167 1440 fortunam
1189 1374 1394 1460 laudibusque
1416 1397 1499 1460 spee-

490 1496 608 1561 tandis:
641 1495 726 1560 velut
757 1494 807 1559 bic
829 1494 997 1560 Hieronem
1021 1495 1164 1560 excitavit
1186 1505 1223 1560 ut
1245 1495 1349 1581 pulcra
1372 1501 1501 1558 verteret

490 1623 582 1680 extra
598 1616 621 1698 ¹)
666 1613 733 1678 Nee
763 1637 834 1678 vero
868 1613 1019 1679 Pindarus
1048 1614 1194 1678 invidiam
1224 1613 1359 1678 Deorum
1382 1635 1447 1677 esse
1470 1621 1501 1677 et

488 1736 591 1800 omnia
620 1734 742 1799 turbare
773 1733 932 1820 exposuit,
964 1733 1018 1798 sed
1040 1732 1221 1819 deprecatus
1244 1731 1410 1818 aliquando
1434 1754 1500 1796 eam

490 1863 553 1932 est,
578 1853 651 1937 quia
672 1851 882 1938 intelligebat,
907 1874 995 1938 posse
1017 1852 1051 1917 in
1073 1875 1139 1917 eam
1162 1852 1277 1916 incurri
1300 1859 1382 1930 tum,
1403 1875 1500 1937 quum

488 1972 656 2058 praestanti
678 1977 759 2035 sorte
782 1971 914 2036 donatus
938 1972 996 2049 sis,
1020 1994 1098 2057 quae
1117 1971 1206 2036 facile
1226 1970 1389 2056 perducere
1403 1970 1502 2055 possit

489 2091 527 2156 ad
558 2088 749 2176 superbiam,
780 2111 886 2164 verum
913 2091 1006 2155 etiam
1035 2113 1108 2155 ase
1130 2090 1311 2176 depreeatur
1330 2090 1413 2175 ipse:
1437 2089 1501 2154 lau·

490 2208 591 2274 dando
615 2209 768 2273 fortunam
791 2216 821 2273 et
844 2210 986 2272 victorias
1008 2192 1129 2286 eoruin,
1153 2231 1230 2294 quos
1252 2210 1316 2273 suis
1332 2210 1500 2295 praeeoniis

491 2328 632 2406 ornabat,
654 2349 695 2400 ne
718 2328 795 2392 lorte
813 2328 944 2392 nimium
959 2328 1110 2393 conferret
1123 2329 1156 2393 in
1171 2329 1270 2413 ipsos,
1287 2327 1460 2413 pertimuit:
1473 2328 1499 2410 ἵ)

490 2457 594 2512 nectar
616 2455 647 2512 et
670 2447 868 2523 ambrosiam,
892 2471 1012 2533 quaes
1035 2448 1103 2512 Diis
1125 2455 1298 2533 aeoeperat,
1322 2447 1498 2512 hominibus

488 2565 691 2652 impertiendo
714 2565 863 2630 Tantalus
886 2565 1008 2651 eulpam
1031 2567 1201 2630 invenerat:
1214 2565 1242 2650 ⁸)
1263 2568 1329 2652 ipse
1343 2588 1415 2630 vero
1430 2565 1500 2630 Mu·

488 2707 591 2748 sarum
615 2684 695 2749 dona
718 2691 890 2770 acceperat:
916 2685 991 2750 haee
1013 2684 1167 2750 intellexit
1188 2707 1251 2750 non
1273 2687 1318 2750 ita
1339 2708 1372 2750 se
1390 2685 1501 2750 debere

488 2803 523 2868 in
547 2803 688 2888 aequales
711 2803 863 2882 conferre,
888 2812 924 2868 ut
946 2803 1083 2869 Deorum
1109 2805 1206 2869 instar
1227 2826 1293 2869 esse
1315 2803 1499 2870 viderentur.

488 2921 539 2986 sio
570 2930 601 2986 et
633 2921 808 2987 Herodotus
831 2930 862 2988 et
884 2923 1035 2990 Pindarus
1057 2924 1283 3002 existimarunt,
1313 2946 1376 2989 non
1402 2924 1501 2989 sinere

489 3039 593 3106 Deum
625 3040 717 3106 alium
748 3041 811 3104 alta
833 3043 946 3128 spirare
968 3042 1028 3107 uisi
1052 3043 1224 3128 seipsum:
1247 3042 1301 3106 sed
1323 3041 1501 3106 Herodotus

490 3167 618 3243 propter
640 3181 739 3224 rerum
763 3159 962 3226 humanarum
986 3161 1222 3225 inconstantiam
1245 3159 1327 3225 Deos
1346 3161 1500 3246 suspexit:

492 3276 641 3342 Pindarus
671 3300 732 3342 non
756 3279 828 3362 quia
850 3278 977 3343 turbant
998 3280 1118 3356 omnia,
1142 3279 1196 3343 sed
1219 3280 1292 3364 quia
1314 3277 1405 3364 longe
1426 3288 1500 3343 sunt

491 3397 662 3481 superiores
693 3396 797 3474 nobis,
831 3405 863 3460 et
892 3396 1030 3461 adoravit
1059 3419 1111 3461 eos
1138 3406 1169 3462 et
1190 3421 1312 3462 eausam
1334 3398 1500 3462 modestiae

490 3537 525 3578 ao
550 3513 672 3599 pietatis
695 3514 927 3580 commendavit.

961 3725 1030 3808 §a

620 3931 810 4016 Gonrporatio
834 3935 1053 3998 liudericum
1076 3936 1175 3998 Poetis
1198 3936 1365 4000 emotum.

533 4139 652 4204 Illoruit
672 4140 764 4204 Jonia
786 4141 897 4206 studiis
922 4142 1148 4227 philosophiae,
1167 4143 1206 4207 de
1225 4153 1374 4208 astrorum
1389 4165 1497 4219 eursu,

487 4258 524 4323 de
553 4257 661 4322 mundi
687 4260 819 4345 origine,
847 4261 885 4325 de
909 4260 1013 4326 divina
1035 4274 1145 4327 natura
1167 4263 1367 4348 inquirentis,
1391 4264 1499 4327 florue-

520 4505 544 4566 1)
562 4505 634 4556 bont.
649 4522 703 4570 paq.
722 4507 762 4556 ta.
846 4507 871 4568 2)
889 4507 960 4556 Coul.
975 4523 1031 4572 paq.
1048 4505 1093 4569 87,
1111 4509 1152 4556 64.
1241 4509 1267 4568 3)
1283 4507 1355 4557 Cous.
1369 4525 1439 4574 ρης.
1459 4509 1497 4560 10.
