3725 5542
807 699 872 760 433

335 897 484 975 hellenis,
508 897 682 982 pariterque
706 897 737 960 in
761 897 878 960 scholio
900 905 1016 973 vetere,
1036 898 1086 960 sed
1105 899 1136 961 in
1155 897 1210 962 hoe
1228 900 1351 984 quidem

333 1015 364 1079 id
396 1037 508 1080 nomen
531 1037 549 1078 5
572 1013 728 1078 Boeckhio
753 1015 1000 1098 praetermissum
1024 1029 1087 1091 551,
1113 1015 1184 1098 quis
1208 1016 1293 1080 obcsh
1319 1019 1351 1081 in

334 1131 401 1196 cod.
434 1131 521 1194 11551.
557 1132 599 1208 Α,
631 1140 662 1194 et
692 1131 765 1216 quia
795 1141 827 1194 51
853 1132 918 1215 ipsc
943 1143 973 1194 51
994 1130 1186 1207 Μ55115555,
1214 1135 1353 1217 Aeginet.

335 1271 363 1332 p.
399 1250 479 1323 157,
511 1269 572 1310 555
604 1254 675 1310 ante
702 1247 914 1331 imperatorem
944 1247 1138 1311 Hadrianum
1162 1271 1197 1312 ea
1221 1249 1353 1314 Athenis

335 1363 485 1427 celebrata
514 1363 609 1432 151555
642 1363 834 1428 existimant:
863 1385 954 1446 quam
980 1363 1120 1446 equidem
1145 1367 1354 1446 quaestionem

335 1479 472 1544 norrdum
496 1478 643 1564 dijudico.
682 1479 792 1543 Exstat
814 1481 846 1542 in
867 1479 1125 1564 inscriptionibus
1142 1481 1224 1565 apud
1241 1482 1355 1546 Boeck-

336 1598 423 1661 hium
452 1599 515 1662 247
548 1600 751 1677 Πανελλήνιοο,
780 1605 811 1660 51
841 1599 925 1662 1068
949 1600 1137 1673 Ποινελλιὶνιοι
1160 1603 1189 1664 ἐν
1211 1598 1355 1674 Ἀθήναις.

383 1717 457 1777 lua.
492 1715 584 1798 Argis
609 1716 726 1780 ahenea
748 1716 883 1800 praemia
906 1716 979 1780 data
1002 1717 1113 1793 fuisse,
1138 1725 1169 1780 51
1192 1718 1357 1782 certamina

336 1830 419 1894 dicha
440 1832 535 1895 fuisse
558 1831 677 1896 Heraea
700 1832 867 1916 eademque
892 1833 1134 1910 Hecatombaea‚
1159 1841 1204 1898 551
1223 1835 1255 1898 in
1271 1834 1356 1898 55155-
1419 1911 1423 1916 ¹

335 1946 394 2010 liis.
442 1945 531 2010 0551.
553 1945 584 2011 J.
609 1947 652 2012 H.
676 1947 818 2024 Krause,
841 1949 890 2012 die
907 1949 1092 2033 Gymnastik
1109 1950 1173 2014 und
1190 1951 1354 2034 Agonistik

337 2063 391 2128 der
414 2064 586 2142 Hellcnen,
610 2063 645 2128 II
670 2089 699 2150 p.
726 2069 801 2132 701.

385 2185 457 2245 151.
499 2181 583 2262 ἔργα.
628 2182 813 2260 Dubitatur,
845 2193 951 2248 utrum
980 2186 1191 2268 significentur
1223 2187 1357 2270 praemia

335 2320 430 2362 manu
461 2308 491 2361 51
517 2307 582 2362 5515
610 2299 707 2376 15515,
732 2322 771 2363 an
794 2301 861 2385 ipsa
883 2301 1067 2365 conamina:
1092 2303 1245 2386 posterius
1269 2303 1357 2368 unice

336 2438 442 2480 verum
472 2416 579 2480 credo:
612 2416 718 2480 eodem
742 2417 833 2482 modo
857 2420 939 2498 ἔργον
964 2417 1356 2502 ponism01.v11124‚

336 2531 384 2596 IX
411 2535 493 2610 12⁷,
518 2533 549 2596 X
575 2535 627 2598 75.
664 2533 703 2597 15
728 2535 860 2598 Arcadia
882 2535 1050 2599 clarissima
1065 2535 1149 2598 fuere
1165 2535 1301 2620 Lycaeo,
1319 2537 1357 2600 (15

336 2649 450 2732 quibus
472 2651 619 2714 memoria
642 2649 762 2715 estol.
787 2649 835 2714 IX
863 2655 942 2730 145,
967 2651 1050 2716 XIII
1073 2654 1146 2716 158.
1178 2652 1358 2717 11115555115

335 2768 503 2830 certamina
525 2766 675 2832 Arcadica
698 2769 732 2832 in
756 2767 882 2832 scholiis
905 2769 944 2832 ad
969 2769 999 2832 h.
1024 2769 1045 2832 l.
1071 2779 1288 2834 memorantur.

383 2885 456 2946 154.
493 2884 622 2960 Θήβαις.
646 2883 685 2948 In
705 2883 880 2963 Heracleis,
897 2885 1006 2949 iisdem
1022 2884 1133 2950 Iolaeis
1150 2885 1258 2951 dictis:
1277 2886 1357 2950 conf.

336 2998 388 3064 Ol.
413 2998 462 3063 IX
488 3003 563 3065 149.

384 3117 458 3180 155.
495 3115 626 3183 Βοιώτιοι.
655 3115 694 3180 In
714 3117 842 3181 Boeotia
857 3124 1065 3183 memorantur
1080 3119 1112 3183 in
1128 3117 1253 3183 scholiis
1269 3118 1357 3184 haec:

336 3232 478 3318 Thespiis
502 3233 609 3298 Erotio
632 3234 680 3298 vel
704 3235 862 3312 Erotidia,
887 3256 967 3321 quae
990 3237 1083 3300 etiam
1106 3244 1314 3300 memorantur
1341 3260 1358 3300 a

337 3325 491 3416 555555
512 3350 549 3415 n.
574 3351 621 3415 rx
646 3351 681 3416 5.
706 3352 799 3416 xxx
823 3357 861 3431 a,
880 3361 912 3416 a
927 3353 1010 3438 apuu
1027 3353 1222 3418 Athenaeum
1237 3352 1273 3417 n.
1295 3353 1359 3417 xn

339 3471 420 3532 561:
464 3468 596 3533 Platasis
636 3469 832 3546 Eleutherio,
868 3470 901 3534 in
935 3470 1110 3534 memoriam
1145 3470 1289 3534 victoriae
1321 3469 1360 3534 de

337 3585 438 3650 Medis
454 3594 625 3671 reportatae
640 3587 800 3650 instituta:
815 3585 912 3671 Oropi
927 3585 1141 3669 Amphiaraia:
1155 3586 1246 3650 Delia
1257 3586 1357 3650 Delii:

337 3700 460 3764 tandem
496 3700 655 3764 Lebadeae
690 3701 867 3786 Trophonio
900 3701 951 3766 vel
982 3701 1112 3767 Basilia:
1147 3725 1225 3786 quae
1257 3711 1359 3767 tamon

338 3817 488 3902 Diagorae
511 3826 610 3881 aetate
634 3818 802 3902 posteriora
823 3819 917 3883 fuisse
925 3827 1007 3883 55515
1031 3818 1167 3882 ostendit
1184 3818 1359 3882 Boeckhius

338 3956 374 3997 ex
398 3932 535 3999 Diodoro
558 3932 662 3998 Siculo
684 3932 721 3998 L.
746 3934 806 3997 XV
829 3934 865 3999 G.
892 3939 943 4000 53.
977 3934 1057 3999 Nsm
1083 3944 1154 4020 post
1168 3934 1360 3999 Leuctricam

340 4073 473 4135 pugnam
497 4051 641 4116 instituta
663 4059 738 4115 snut
759 4051 829 4115 Jovi
852 4059 984 4118 Βασιλεῖ.

388 4171 461 4232 156.
496 4168 614 4246 Αἴγινα.
649 4168 881 4233 praetermissae
895 4170 928 4233 in
946 4169 1177 4234 enumeratione
1192 4169 1362 4254 copiosiore

341 4285 469 4370 copulae
500 4285 639 4371 exempla
666 4294 747 4350 55515
779 4286 949 4350 afferuntur
980 4285 1178 4350 aBoeckhio
1202 4285 1294 4348 Hom.
1319 4285 1359 4348 II.

342 4403 377 4468 ΙΙ
401 4406 465 4466 559

1202 4521 1238 4574 as
