3725 5542
860 731 900 794 87

377 937 551 1002 Artabanus
572 935 711 1020 exponit,
733 936 776 1000 ita
795 935 1032 1012 commendavit,
1049 933 1306 1020 quemadmodum
1321 937 1386 1022 ipse

376 1055 408 1118 in
437 1053 632 1119 historiarum
655 1052 778 1118 exordio
803 1073 907 1138 parvas
933 1054 1046 1139 pariter
1069 1063 1161 1139 atque
1184 1077 1310 1139 magnas
1334 1055 1386 1119 ho

375 1174 493 1238 minum
524 1173 661 1238 civitates
692 1195 724 1238 se
756 1181 988 1258 persecuturum
1018 1173 1196 1257 profitetur,
1225 1182 1385 1258 propterea

374 1292 459 1376 quod
492 1315 562 1370 eae,
597 1312 676 1376 quae
710 1291 782 1356 olim
813 1313 941 1376 magnae
971 1290 1116 1369 inissent,
1149 1313 1258 1376 parvae
1289 1292 1385 1357 hetae

375 1418 492 1490 essent,
524 1433 576 1474 eae
607 1429 677 1475 vero
708 1432 790 1476 nnnc
820 1431 965 1496 magnae,
997 1433 1076 1495 quae
1108 1419 1198 1475 antea
1226 1435 1345 1496 parvae.
1363 1418 1386 1498 ¹)

373 1529 488 1594 Similis
519 1529 592 1594 hnic
622 1529 788 1615 sapientiae
818 1529 886 1594 icus
914 1538 961 1593 est
983 1537 1014 1594 et
1037 1551 1126 1595 musa
1148 1530 1211 1609 illi,
1236 1554 1326 1617 quam
1350 1534 1382 1597 in

374 1649 458 1734 poesi
480 1648 621 1734 guomica
643 1648 917 1734 deprehendimus:
942 1671 998 1712 nec
1021 1649 1087 1713 sine
1111 1668 1202 1714 causa
1226 1650 1384 1718 historiam

374 1767 453 1832 dixit
474 1769 554 1834 vitae
577 1769 752 1853 magistram
776 1774 807 1832 et
826 1767 925 1832 lucem
942 1769 1079 1832 veritatis
1094 1767 1216 1834 Cicero:
1229 1770 1254 1855 ⁹)
1270 1771 1384 1856 quippe

373 1909 470 1971 quum
504 1889 545 1951 sit
579 1910 613 1952 ea
647 1887 734 1952 testis
768 1859 957 1972 temporum,
994 1887 1161 1952 multorum
1192 1889 1383 1954 saeculorum

373 2029 464 2071 usum
488 2007 612 2092 praebet
634 2007 748 2070 viventi
771 2006 809 2070 ad
833 2007 922 2072 breve
947 2013 1067 2092 tempus
1091 2007 1217 2072 homini.
1253 2007 1294 2072 ut
1314 2031 1383 2074 vero

372 2128 399 2191 si
423 2126 468 2190 vel
492 2125 597 2190 Soloni
616 2124 747 2190 Croesus
764 2126 810 2189 vel
827 2124 941 2190 Xerxes
958 2124 1115 2189 mirano
1130 2126 1382 2211 obtemperasset,

371 2245 471 2310 multa
500 2244 580 2309 mala
610 2246 753 2308 evitasset
775 2252 912 2329 uterque.
960 2243 1002 2307 Et
1025 2251 1144 2322 umen,
1168 2243 1241 2310 lieet
1263 2248 1383 2330 egregie

371 2363 456 2450 apud
481 2363 672 2428 Herodotum
696 2361 863 2426 disseratur
885 2363 923 2428 de
939 2363 1003 2426 rita
1018 2363 1155 2428 modeste
1170 2374 1202 2428 et
1217 2365 1383 2449 prudenter

371 2481 504 2566 agenda,
528 2480 622 2566 idque
643 2483 746 2566 ipsum
769 2481 809 2545 sit
831 2503 901 2546 cum
925 2481 1078 2546 sententie
1093 2481 1131 2545 de
1147 2481 1264 2546 invidia
1279 2482 1384 2548 divina

372 2603 589 2686 conjunctum,
606 2601 630 2683 ⁸)
661 2609 761 2665 tamen
796 2599 980 2684 quibusdam
1010 2619 1046 2664 ea
1074 2598 1223 2666 modestia
1252 2623 1288 2665 ac
1314 2625 1383 2687 pru·

287 2778 294 2795 ,
372 2719 477 2785 dantia
507 2719 618 2785 finibus
649 2720 847 2797 terminatur,
878 2741 955 2803 qnos
978 2725 1025 2784 est
1046 2726 1236 2804 transgressa
1257 2720 1383 2786 Pindari

372 2840 530 2924 sapientia.
577 2838 657 2904 Nam
681 2839 763 2925 apud
787 2837 994 2903 Herodotum:
1018 2839 1048 2902 ἐν
1069 2841 1111 2918 τῷ
1133 2839 1269 2918 ἐπισχεῖν
1290 2841 1383 2906 ἔνεστι

370 2959 491 3040 ἀγαθαὶ,
515 2965 547 3024 ia
570 2961 729 3025 coha‘deado
751 2961 826 3024 boue
849 2965 932 3036 sunt,
956 2963 1078 3023 mmai
1093 2977 1151 3022 aon
1165 2963 1303 3024 conh'nuo
1318 2979 1384 3024 esse

371 3081 543 3158 adeantur,
567 3085 663 3143 tamen
677 3085 784 3164 postea
800 3080 984 3162 reperienda.
997 3079 1024 3162 ⁴)
1057 3075 1192 3142 Omnino
1209 3079 1381 3143 cautionem

371 3217 461 3262 nemo
487 3196 662 3262 mortalium
685 3195 906 3261 commendavit
929 3194 1089 3261 Herodoto
1112 3196 1239 3261 melius:
1264 3198 1307 3261 sic
1330 3197 1383 3262 ille

371 3316 509 3400 suspexit
539 3314 697 3380 turbantes
728 3316 830 3380 emnia
858 3315 957 3380 Deos:
982 3315 1025 3380 sie
1047 3315 1116 3380 luce
1140 3315 1284 3380 historiae
1307 3337 1382 3380 nsua

371 3442 433 3512 eet,
464 3443 501 3499 nt
528 3453 626 3498 samm
651 3435 748 3498 omnis
775 3443 901 3498 eventus
929 3455 1030 3498 rerum
1057 3433 1260 3498 humanarum
1286 3434 1383 3498 cousi·

372 3555 544 3641 horumque
584 3555 748 3632 rationem,
784 3576 862 3639 quae
897 3576 959 3618 una
992 3551 1157 3638 fragilitate
1190 3553 1382 3632 continetur,

374 3675 565 3760 perspiceret.
602 3673 685 3738 Num
709 3673 866 3758 igiturad
890 3673 1043 3757 ignaviam
1067 3671 1247 3736 adhortatus
1267 3681 1327 3750 est,
1344 3695 1382 3736 ne

371 3793 489 3878 agendo
511 3792 629 3879 aliquid
652 3801 682 3856 et
705 3791 899 3877 suscipiendo
922 3792 1059 3855 incurras
1082 3791 1113 3854 in
1138 3790 1292 3875 pericula?
1315 3790 1382 3856 Imc

372 3935 442 3976 vero
465 3911 611 3977 invidiam
636 3911 772 3975 Deorum
796 3933 856 3975 non
881 3910 1047 3974 timendam
1071 3910 1193 3995 putavit
1216 3909 1383 3974 Athenien·

372 4031 472 4109 sibus,
489 4030 651 4095 Persarum
666 4030 839 4094 arcentibus
855 4030 994 4114 ingentes
1010 4030 1122 4114 copias.
1150 4027 1382 4104 Verumtamen,

407 4353 516 4415 laur.
535 4355 557 4403 5.
655 4351 986 4414 2)deorat.L.II.c.⁹.

408 4449 431 4511 8)
449 4449 519 4499 Geni.
545 4446 678 4513 requisitio
698 4451 779 4496 nostra
800 4447 830 4496 de
851 4446 970 4496 Herodoti
990 4443 1152 4508 philosophia,
1170 4459 1241 4509 pepp.
1258 4440 1304 4500 82,
1320 4454 1381 4504 seqq.

374 4551 398 4595 rt
415 4545 461 4606 dd,
477 4559 538 4612 seqq.
656 4547 681 4604 t)
697 4543 725 4592 L.
746 4542 804 4592 Vll.
822 4559 842 4592 a.
862 4541 900 4592 10.
917 4541 942 4590 d.
