3725 5542
1017 703 1058 766 76

527 904 623 967 sensit
648 901 769 965 divinae
793 902 892 987 poesis
915 923 1028 966 munus
1051 924 1117 965 esse
1139 902 1263 980 datum,
1287 912 1325 968 ut
1345 928 1444 989 genus
1462 928 1547 968 mor·

527 1020 636 1085 talium
667 1019 706 1082 ad
738 1019 894 1083 veritatem
925 1018 1169 1104 modestiamque
1195 1022 1339 1085 vocaret?
1372 1022 1488 1087 Ideoue
1511 1024 1545 1086 in

526 1136 672 1203 tendente
702 1137 740 1200 ad
771 1158 889 1201 summa
916 1137 1018 1202 omnia
1040 1139 1188 1203 orationis
1210 1141 1329 1224 impetu
1350 1163 1384 1203 se
1407 1142 1473 1225 ipse
1496 1163 1547 1203 co-

526 1254 645 1332 hibuit,
676 1254 873 1339 Deorumqoe
904 1255 1037 1319 invidiae
1067 1278 1184 1319 memor
1213 1256 1290 1335 fuit,
1314 1281 1354 1322 ne
1376 1260 1544 1343 attingeret

526 1395 578 1450 ea,
611 1394 689 1457 quae
718 1373 909 1457 ignorantiae
941 1382 1062 1437 nostrae
1092 1381 1124 1436 et
1155 1374 1315 1458 fragilitati
1345 1398 1407 1439 non
1439 1375 1547 1440 liceret

525 1492 692 1576 attingere,
724 1512 799 1554 neve
825 1490 917 1555 Musa
940 1491 988 1554 sui
1011 1492 1164 1569 muneris,
1188 1492 1221 1555 id
1244 1499 1291 1555 est
1314 1495 1468 1571 veritatis,
1493 1494 1546 1557 ola

524 1607 737 1672 liviseeretnr?
768 1606 903 1672 Hoecine
932 1608 1050 1686 voluit,
1079 1630 1176 1693 quum
1199 1609 1358 1673 Musarum
1380 1612 1544 1697 imperim

526 1732 719 1788 veneraretur
741 1732 773 1788 et
795 1724 978 1801 celebraret,
1003 1747 1111 1809 regens
1133 1726 1252 1803 omnia,
1270 1726 1352 1791 Deos
1368 1727 1544 1805 oblectans,

526 1842 631 1907 terreri
663 1864 734 1905 vero
764 1840 879 1907 diceret
909 1865 982 1906 voce
1013 1842 1170 1907 Pieridum
1201 1843 1398 1928 Typhonem,
1423 1846 1545 1909 hostem

526 1958 685 2025 Deorum?
700 1960 722 2043 ¹)
746 1959 870 2045 Quippe
892 1960 1029 2025 Pierides
1053 1983 1123 2025 vera
1145 1959 1254 2025 dicunt
1277 1968 1471 2047 oanuutque:
1491 1962 1546 2025 ille

525 2098 597 2141 vero
620 2077 729 2162 Typho
752 2099 848 2162 quum
872 2078 1016 2141 adversus
1032 2078 1115 2142 Deos
1131 2077 1315 2141 contendere
1329 2079 1543 2155 sustinuisset,

527 2195 663 2259 veritatis
694 2196 819 2280 ejusque
848 2217 924 2279 quae
949 2218 1020 2259 eum
1042 2194 1162 2259 deceret
1184 2195 1350 2258 modestiae
1373 2203 1546 2259 contemtor

526 2312 634 2377 fuerat.

571 2428 660 2510 Quae
688 2452 784 2515 quum
806 2431 850 2493 ita
873 2430 954 2507 sint,
977 2452 1100 2493 omnem
1122 2429 1206 2513 apud
1227 2428 1396 2493 Pindarum
1419 2430 1544 2493 virtutis

527 2546 721 2632 disciplinam
745 2554 776 2610 et
798 2546 1093 2611 commendationem
1117 2546 1174 2609 hac
1196 2548 1376 2632 quaestione
1390 2547 1544 2611 contineri

528 2667 698 2743 ceruimus,
724 2664 798 2750 quid
822 2665 978 2728 hominem
999 2664 1130 2728 deceret.
1165 2663 1266 2743 Quam
1289 2664 1415 2749 quidem
1437 2686 1544 2750 quaes-

527 2786 641 2848 tionem
664 2790 745 2847 recte
769 2782 943 2867 intelligere
967 2790 998 2847 et
1021 2781 1205 2867 dijudicare,
1228 2781 1262 2845 id
1285 2804 1358 2846 saue
1374 2790 1422 2845 cst
1437 2804 1543 2845 verum

527 2900 629 2965 videre
652 2900 685 2963 in
708 2922 740 2964 re
763 2900 941 2983 gravissima
963 2901 1111 2964 omnium.
1150 2898 1201 2962 Sic
1225 2901 1335 2963 veritas
1358 2899 1456 2963 officia
1475 2901 1546 2983 ipsa

527 3018 674 3082 continet.
722 3015 802 3079 Nam
833 3016 969 3081 modeste
1000 3016 1039 3081 dc
1067 3016 1135 3080 Diis
1165 3038 1305 3093 narrare,
1328 3016 1361 3081 id
1384 3024 1432 3079 est
1454 3017 1541 3101 pium

527 3158 610 3199 esse:
636 3156 740 3199 rerum
763 3134 795 3197 in
819 3135 903 3197 omni
927 3156 1065 3197 sermone
1088 3142 1120 3197 et
1134 3134 1214 3197 lacto
1230 3133 1324 3199 libere
1335 3133 1474 3218 proferre
1488 3132 1544 3198 ubi

527 3276 597 3317 cum
628 3253 696 3317 aliis
727 3274 814 3337 agas,
838 3251 872 3316 id
895 3261 943 3316 est
961 3254 1080 3337 justum
1103 3274 1185 3316 esse:
1210 3273 1314 3317 verum
1337 3251 1489 3315 humanae
1511 3258 1544 3313 et

526 3371 748 3455 magnitudinis
771 3378 803 3435 et
824 3369 1044 3435 imbecillitatis
1066 3391 1248 3455 cognoscere
1269 3368 1396 3433 modum
1411 3389 1544 3454 eumque

527 3490 632 3574 sequi,
663 3488 695 3552 id
726 3496 773 3552 est
801 3496 833 3551 et
861 3488 972 3551 fortem
998 3510 1064 3552 esse
1088 3496 1119 3552 et
1140 3488 1367 3552 continentem:
1391 3494 1485 3570 atque
1506 3486 1539 3550 in

527 3606 576 3670 his
598 3606 740 3669 omuibus
762 3627 824 3669 non
848 3628 938 3691 agere
960 3628 1033 3669 easu
1055 3606 1182 3669 fomoito
1205 3627 1262 3668 neo
1284 3604 1323 3669 ab
1346 3604 1447 3668 alieno
1469 3626 1543 3688 pen·

527 3723 599 3787 dere
629 3724 756 3788 arbitrio
786 3724 839 3788 sed
863 3747 919 3787 sua
940 3725 1044 3809 ipsum
1065 3722 1272 3807 intelligentia
1294 3722 1357 3785 reri
1380 3721 1470 3797 duci,
1494 3744 1544 3784 re

526 3864 655 3927 rumque
685 3849 717 3904 et
744 3842 883 3926 exemplo
914 3848 946 3906 et
974 3842 1112 3905 oratione
1142 3848 1396 3917 commonstrare,
1429 3838 1462 3903 id
1494 3848 1542 3902 est

527 3982 641 4044 sapere.

572 4076 620 4141 Ex
649 4098 711 4161 quo
741 4082 843 4140 autem
874 4076 959 4139 tonte
988 4074 1066 4139 hanc
1088 4074 1241 4139 Pindarus
1263 4074 1445 4158 sapientiam
1469 4073 1545 4137 han·

527 4196 617 4273 serit,
657 4216 693 4259 ex
731 4194 799 4279 ipso
837 4194 930 4257 etiam
965 4192 1175 4277 intelligimus.
1225 4190 1437 4255 Contemsitoe
1472 4191 1545 4256 doc·

560 4481 585 4541 l)
603 4480 673 4530 Conl.
688 4495 744 4544 pap.
761 4480 802 4531 tt.
