3725 5542
978 695 1019 753 Q

493 890 595 969 dacia,
620 891 657 956 de
681 901 777 956 morte
801 916 871 956 vero
893 895 937 957 ita
959 896 1171 973 existimante,
1188 905 1223 961 nt
1242 908 1273 961 et
1284 898 1385 963 laudis
1397 899 1501 963 studio

493 1019 524 1074 et
547 1034 600 1096 spe
623 1011 859 1104 immortalitatis
883 1013 921 1076 ad
945 1013 1156 1079 tortitudinem
1181 1024 1212 1080 et
1234 1018 1377 1082 virtutem
1399 1018 1505 1103 impel-

493 1129 579 1194 leret.
614 1129 675 1194 Sed
698 1139 851 1216 praeterea
878 1131 1052 1211 videamus,
1076 1134 1152 1218 quid
1175 1135 1217 1199 sit
1231 1137 1355 1221 utrique
1370 1137 1500 1201 maxime

494 1251 659 1335 proprium.
706 1249 787 1315 Nam
818 1251 922 1329 Plato,
951 1274 1047 1336 quum
1070 1253 1211 1318 videatur
1233 1254 1291 1319 hoe
1314 1255 1381 1319 loco
1405 1255 1501 1340 quod-

495 1367 564 1443 dam
584 1369 750 1434 sententiae
769 1369 903 1434 melioris
923 1371 1108 1457 principium
1127 1373 1354 1451 commendare,
1368 1374 1452 1459 quod
1463 1375 1505 1438 sit

494 1487 718 1572 quodammodo
730 1488 864 1552 Pindaro
876 1489 1014 1584 inferius,
1029 1513 1132 1554 revera
1142 1501 1245 1556 tamen
1256 1493 1387 1557 tetendit
1400 1493 1503 1557 altius.

537 1605 660 1692 Quippe
690 1606 778 1671 Plato
809 1614 927 1692 spectat
957 1608 1140 1686 utilitatem,
1173 1610 1316 1695 pietatem
1340 1610 1500 1676 Pindarus.

494 1725 601 1790 Monet
627 1727 751 1810 quidem
775 1726 996 1813 philosophus,
1020 1729 1144 1793 vitanda
1166 1752 1230 1793 esse
1253 1730 1308 1793 illa
1329 1729 1513 1807 mendacia,-

492 1867 530 1908 ne
554 1843 621 1908 Diis
644 1845 874 1910 maledicamus:
891 1848 914 1931 Ι)
937 1847 990 1912 aed
1013 1870 1047 1911 ea
1071 1847 1239 1912 admonitio
1262 1849 1350 1932 quasi
1369 1848 1503 1912 secundo

492 1963 559 2027 loco
588 1963 781 2050 adjungitur:
814 1967 943 2030 maxime
973 1971 1130 2051 spectatur
1159 1967 1350 2052 respublica,
1375 1976 1411 2031 ut
1442 1989 1505 2031 rec·

493 2090 573 2147 tores
603 2084 797 2148 nanciscatur
827 2084 903 2149 bene
933 2086 1090 2150 institutos
1121 2095 1151 2149 et
1180 2085 1220 2149 ad
1251 2086 1384 2151 officinm
1410 2108 1500 2150 suum

494 2202 682 2268 informatos.
729 2203 878 2268 Pindarus
909 2224 980 2269 vero
1006 2205 1184 2290 simpliciter
1207 2206 1275 2290 pius
1298 2228 1363 2270 esse
1385 2205 1501 2280 voluit,

494 2330 524 2386 et
562 2321 600 2386 de
634 2322 702 2386 Diis
737 2323 844 2408 pulcra
877 2322 978 2388 dicere
1011 2324 1165 2389 hominem
1199 2332 1338 2409 oportere
1373 2325 1501 2409 putavit

492 2441 641 2506 Pietatem
664 2442 808 2506 utilitatis
831 2442 1087 2507 commendationi
1112 2450 1264 2528 praestare
1287 2443 1409 2507 dixeris.
1441 2443 1499 2508 Sed

492 2559 576 2624 illam
607 2568 748 2645 spectans
780 2561 946 2625 utilitatem
968 2560 1058 2624 Plato
1082 2562 1186 2645 attigit
1208 2561 1359 2647 ejusmodi
1381 2569 1502 2626 senten·

493 2679 585 2756 tiam,
614 2679 646 2744 in
670 2701 731 2762 quo
754 2680 958 2764 praestantior
981 2680 1132 2743 sententia
1154 2678 1255 2744 lateat
1301 2679 1382 2744 Nam
1405 2703 1501 2766 quum

493 2796 666 2862 divinorum
690 2796 894 2882 exemplorum
919 2797 1066 2883 pravitate
1090 2821 1129 2862 ne
1151 2799 1226 2862 fiant
1241 2807 1358 2863 mentes
1373 2797 1503 2862 deterio

493 2941 541 2982 res
568 2929 685 2994 caveat,
710 2917 860 2995 ostendit,
885 2917 1002 2983 homini
1025 2917 1197 3002 exemplum
1220 2940 1285 2982 esse
1309 2919 1501 3002 propositum

496 3038 605 3102 Deum.
652 3037 771 3102 Idcirco
802 3037 892 3100 etiam
922 3037 955 3100 in
980 3035 1036 3100 hac
1059 3037 1127 3121 ipsa
1149 3036 1356 3123 disputatione
1379 3037 1501 3102 institu-

495 3157 587 3222 tionis
610 3155 770 3220 consilium
794 3178 830 3220 eo
852 3166 991 3232 revocat,
1014 3158 1039 3220 εἰ
1061 3157 1217 3234 μέλλουσιν
1240 3161 1309 3233 ἡμῖν
1328 3158 1352 3221 οἱ
1366 3158 1503 3236 <prium

493 3275 636 3354 θεοσεβεῖς
670 3300 703 3340 τε
733 3277 783 3340 καὶ
813 3276 876 3339 θεῖοι
907 3276 1078 3352 γίγνεσθαι,
1108 3277 1173 3339 aad
1202 3273 1266 3340 ὅσον
1293 3276 1427 3356 mpure
1455 3277 1504 3341 ἐπὶ

494 3390 707 3460 attinenciis
729 3413 780 3458 τε·
804 3400 837 3459 ut
849 3394 961 3478 statam
982 3399 1043 3457 eat
1065 3395 1200 3458 mundes
1222 3397 1305 3458 codor
1327 3417 1400 3478 erpo
1424 3395 1505 3458 Deos

494 3520 542 3600 pii
569 3518 686 3599 ipsr'que
714 3516 813 3578 tenti
839 3515 981 3596 quomodo
1011 3519 1142 3578 monime
1169 3517 1254 3578 houm
1276 3537 1342 3578 csse
1359 3513 1506 3599 possetst)

494 3634 598 3717 Atque
621 3630 694 3696 alibi
718 3632 815 3696 fusius
838 3632 877 3694 de
900 3631 1007 3695 diviua
1029 3639 1155 3710 nature,
1180 3641 1211 3696 et
1228 3632 1382 3716 quomodo
1399 3633 1506 3696 cinos

495 3761 543 3814 tra
564 3759 694 3834 cognata
716 3751 757 3814 sit
778 3758 809 3814 et
832 3749 870 3813 ad
894 3772 961 3813 eam
984 3748 1093 3814 debeat
1109 3749 1268 3827 accedere,
1286 3750 1506 3836 disputavit:³)

496 3892 578 3934 nuno
610 3892 679 3934 vero
701 3870 733 3934 in
757 3869 890 3955 perlecta
912 3867 1084 3954 republica,
1108 3891 1187 3955 quae
1211 3869 1249 3933 ab
1273 3869 1433 3934 hominm
1455 3892 1507 3955 ge

495 4013 566 4056 nere
595 3991 691 4074 possit
722 3989 769 4054 vel
800 3988 891 4052 condi
924 3986 971 4053 vel
1003 3989 1094 4074 fingi,
1128 3997 1259 4053 rectores
1285 3989 1446 4054 coustituit
1468 3990 1506 4054 ad

495 4107 667 4193 exemplum
690 4131 814 4187 eorum,
837 4108 892 4193 qui
914 4106 1066 4172 mundum
1082 4116 1114 4171 et
1129 4107 1331 4173 condiderunt
1343 4117 1373 4173 et
1385 4119 1507 4194 regunt.

493 4293 666 4304 .—-—

531 4400 554 4462 ι)
574 4401 601 4450 t.
619 4400 658 4448 rr.
675 4400 733 4449 aar.
749 4399 778 4450 r.
895 4399 921 4460 a)
938 4401 966 4450 n
983 4401 1023 4449 rr,
1040 4399 1098 4449 aas.
1119 4401 1146 4449 o.
1262 4399 1289 4458 a)
1306 4397 1377 4447 oon.
1394 4397 1437 4446 rr.
1454 4383 1512 4446 oar·

495 4513 539 4546 a·
558 4495 669 4555 nmo,
685 4495 757 4545 msa
771 4493 936 4560 pammac
952 4495 1103 4555 naam,
1119 4496 1165 4545 mr.
1184 4495 1236 4544 nr.
1250 4511 1276 4557 ρ.
1293 4491 1353 4544 aar.
