3725 5542
809 764 873 823 485

534 964 615 1041 κείνῳ
637 966 801 1042 προοοορκῶν
823 958 870 1027 οὖν
891 964 1021 1040 traxeris
1043 968 1156 1046 ὠφελῶ.

334 1081 452 1147 Ibidem
478 1080 613 1158 Chorus,
643 1082 708 1142 496

646 1196 853 1274 Aafflaxllmc
877 1197 1021 1278 ἐπίκουρος

645 1315 760 1391 dialem
782 1314 922 1379 ίοονοίτων.

332 1434 438 1518 thue
470 1434 512 1498 ibi
544 1440 709 1514 προοορκῶν
740 1438 769 1496 et
801 1434 946 1512 ἐπίκουρος
969 1432 1101 1497 ultorem
1125 1441 1156 1497 et
1178 1434 1347 1511 vindicem,

332 1554 375 1616 sio
398 1557 504 1615 eontra
527 1550 586 1614 hoo
609 1549 678 1613 loeo
701 1549 835 1628 τομοίορος
859 1549 1030 1634 adjutorem
1056 1550 1216 1633 significat.
1253 1549 1347 1615 Plura

330 1668 465 1755 exempla
489 1675 580 1746 sunt,
605 1668 690 1732 velut
712 1666 850 1751 Thucyd.
874 1666 911 1731 L.
936 1665 983 1729 IV
1007 1666 1041 1730 G.
1068 1669 1086 1728 2
1111 1668 1346 1742 Πελοποννησίων

331 1796 393 1862 νῆες
416 1794 475 1859 τοῖς
498 1788 528 1851 ἐν
551 1789 592 1866 τῷ
614 1786 667 1865 ὅρον
690 1786 816 1863 τομοροί.
841 1782 929 1847 (lonl.
956 1784 1066 1848 Aesoh.
1092 1783 1186 1847 Ghoe.
1212 1786 1296 1859 876,
1315 1792 1349 1849 et

330 1926 406 1990 qnae
430 1904 474 1969 ibi
497 1903 721 1967 annotavimus.
767 1902 880 1982 Μίτρου
904 1902 1026 1986 proprie
1050 1910 1124 1965 sunt
1145 1902 1262 1980 vittae,
1284 1902 1350 1987 qui·

330 2020 387 2086 bus
420 2041 549 2084 coronae
571 2018 809 2103 implicabantur
831 2018 879 2081 vel
903 2018 1127 2101 alligabantur:
1152 2018 1202 2082 hio
1226 2027 1347 2093 autem,

330 2138 415 2202 velut
438 2138 507 2201 aliis
529 2137 606 2201 loeis
629 2134 719 2200 ἄνίεοο
741 2135 790 2199 sel
814 2135 972 2217 στέφανοί,
996 2141 1032 2199 ut
1048 2136 1137 2219 signa
1151 2136 1347 2199 victoriarum

329 2256 416 2338 qnasi
448 2276 502 2339 pro
534 2254 609 2338 ipsis
633 2261 792 2338 ponuntur
816 2252 963 2316 victoriis.
1010 2251 1093 2335 Ergo
1117 2252 1239 2337 adjutor
1263 2254 1349 2317 vittis

331 2372 480 2448 venitis,
505 2369 559 2455 (ini
582 2370 737 2434 laudando
760 2370 853 2434 decus
877 2369 964 2433 affert
987 2370 1132 2434 victoriis.

379 2489 452 2551 lae.
486 2486 529 2553 ὅτ’
564 2486 754 2551 Adverbium
786 2486 949 2551 relativum
980 2486 1110 2550 refertur
1140 2486 1179 2550 ad
1211 2488 1346 2568 μίτρους,

331 2626 427 2688 quum
451 2605 483 2669 in
507 2625 543 2667 eo
567 2602 716 2668 vocabulo
740 2604 815 2667 insit
836 2603 1020 2688 significatio
1036 2603 1231 2668 victoriarum
1248 2625 1348 2689 repor-

334 2726 487 2799 taturum,
511 2720 657 2807 adjuncto
680 2721 857 2806 praesertim
882 2722 947 2807 ejus
971 2722 1112 2798 nomine,
1137 2721 1191 2805 qui
1215 2730 1347 2806 reporta-

332 2848 431 2903 verat:
467 2862 540 2923 ergo
573 2839 809 2920 Λαμπρομάχου
842 2840 944 2919 μίτροοο
979 2838 1027 2905 ὅτε
1062 2846 1136 2903 sunt
1167 2860 1296 2903 coronae
1329 2861 1347 2903 a

329 2956 572 3042 Lampromaeho
603 2964 776 3042 reportatae
808 2963 893 3033 tum,
926 2978 1033 3040 quum.
1080 2955 1151 3021 Uno
1175 2963 1278 3020 autem
1300 2979 1349 3021 eo·

332 3073 464 3157 (lemque
498 3073 548 3136 die
583 3074 621 3137 ab
657 3072 806 3137 ambobus
840 3080 1010 3158 reportatas
1042 3074 1185 3137 victorias
1221 3082 1347 3160 apparet

330 3192 433 3255 ambas
456 3189 551 3255 luisse
574 3191 737 3268 Isthmiae,
764 3199 924 3277 propterea
939 3190 1022 3276 quod
1039 3190 1274 3275 Lampromaohi
1290 3192 1346 3255 vit·

328 3314 378 3373 tae
405 3308 517 3372 diserte
540 3307 599 3372 hoo
623 3309 747 3373 nomine
771 3309 983 3394 appellantur:
1008 3331 1109 3393 neque
1134 3309 1228 3393 igitur
1250 3308 1348 3373 Poeta

328 3425 434 3489 eodem
466 3424 663 3511 llphnrmosti
696 3426 853 3491 victoriam
882 3426 1056 3504 retulisset,
1082 3426 1142 3491 nisi
1164 3426 1278 3491 ibidem
1302 3448 1346 3490 re·

330 3548 452 3627 portata
475 3541 593 3607 luisset.

248 3666 253 3672 ’
374 3661 449 3723 127.
484 3659 575 3738 ἔργον.
611 3659 790 3737 Certamen,
824 3668 860 3724 ut
891 3659 942 3723 01.
966 3658 1049 3724 vm
1083 3662 1125 3723 24
1159 3668 1190 3723 et
1213 3660 1344 3745 saepius.

325 3774 432 3859 Ipsum
456 3782 558 3839 autem
581 3785 734 3841 certamen
757 3776 816 3841 hoe
838 3776 907 3841 loeo
931 3777 1086 3861 objectum
1109 3782 1154 3841 est
1177 3777 1261 3841 serbi
1281 3777 1345 3841 vin·

327 3890 432 3955 cendi:
458 3892 538 3956 oonl.
563 3894 723 3958 annotatio
746 3892 785 3957 ad
809 3891 860 3958 Ol.
884 3893 902 3957 Ι
928 3896 1002 3957 142.
1310 3871 1315 3879 .

373 4010 447 4072 128.
483 4010 577 4075 ἄλλον
593 4011 622 4076 δὲ
638 4012 690 4078 δί’.
726 4011 836 4076 Utrius
852 4012 910 4076 hae
926 4011 1057 4089 fuerint,
1075 4010 1212 4075 dubitari
1224 4016 1343 4095 potest,

327 4124 375 4188 vel
408 4126 500 4189 etiam
532 4150 570 4192 an
599 4128 694 4193 altera
717 4151 822 4193 earnm
844 4128 938 4192 luerit
962 4127 1098 4192 alterius.
1144 4125 1226 4189 Puto
1250 4126 1344 4190 luisse

327 4264 377 4305 eas
400 4240 645 4328 Lampromaohi.
681 4243 789 4309 Oratio
813 4246 917 4329 aliquo
941 4245 1033 4309 modo
1057 4244 1188 4327 abrupta
1211 4251 1272 4307 est:
1291 4243 1344 4307 sed

328 4360 431 4444 poenit
454 4360 689 4447 Lampromaohi
713 4385 825 4427 nomen
847 4373 877 4427 et
892 4363 1039 4427 Isthmiae
1055 4361 1197 4424 victorias
1214 4382 1246 4423 vs
1266 4361 1343 4423 lae:

327 4499 362 4540 vs
397 4479 459 4541 lae
493 4480 520 4542 ei
552 4480 690 4566 adjunxit
721 4481 978 4567 Epharmostum:
1011 4488 1043 4545 at
1074 4480 1197 4544 demum
1222 4501 1255 4541 vs
1283 4482 1342 4543 130
