<?xml version="1.0" encoding="UTF-8"?>
<!DOCTYPE html PUBLIC "-//W3C//DTD XHTML 1.0 Transitional//EN"
    "http://www.w3.org/TR/xhtml1/DTD/xhtml1-transitional.dtd">
<html xmlns="http://www.w3.org/1999/xhtml" xml:lang="en" lang="en">
 <head>
  <title>
</title>
<meta http-equiv="Content-Type" content="text/html;charset=utf-8" />
  <meta name='ocr-system' content='tesseract 3.04.00' />
  <meta name='ocr-capabilities' content='ocr_page ocr_carea ocr_par ocr_line ocrx_word'/>
</head>
<body>
  <div class='ocr_page' id='page_1' title='image "./pindaricarminao01pindgoog_0468.png"; bbox 0 0 3725 5542; ppageno 0'>
   <div class='ocr_carea' id='block_1_1' title="bbox 977 741 1043 800">
    <p class='ocr_par' dir='ltr' id='par_1_1' title="bbox 977 741 1043 800">
     <span class='ocr_line' id='line_1_1' title="bbox 977 741 1043 800; baseline 0 0"><span class='ocrx_word' id='word_1_1' title='bbox 977 741 1043 800; x_wconf 74' lang='lat'><strong>454</strong></span> 
     </span>
    </p>
   </div>
   <div class='ocr_carea' id='block_1_2' title="bbox 495 935 1521 4299">
    <p class='ocr_par' dir='ltr' id='par_1_2' title="bbox 499 935 1521 2889">
     <span class='ocr_line' id='line_1_2' title="bbox 501 935 1521 1022; baseline 0.002 -20"><span class='ocrx_word' id='word_1_2' title='bbox 501 949 601 1002; x_wconf 84' lang='lat' dir='ltr'><strong>turus.</strong></span> <span class='ocrx_word' id='word_1_3' title='bbox 648 936 689 1000; x_wconf 80' lang='lat' dir='ltr'><strong>llt</strong></span> <span class='ocrx_word' id='word_1_4' title='bbox 723 945 844 1020; x_wconf 80' lang='lat' dir='ltr'><strong>eperat,</strong></span> <span class='ocrx_word' id='word_1_5' title='bbox 880 935 953 1000; x_wconf 85' lang='lat' dir='ltr'><strong>hnic</strong></span> <span class='ocrx_word' id='word_1_6' title='bbox 989 935 1176 1000; x_wconf 82' lang='lat' dir='ltr'><strong>adolescenti</strong></span> <span class='ocrx_word' id='word_1_7' title='bbox 1210 937 1303 1002; x_wconf 84' lang='lat' dir='ltr'><strong>etiam</strong></span> <span class='ocrx_word' id='word_1_8' title='bbox 1334 938 1521 1022; x_wconf 69' lang='lat' dir='ltr'><strong>aliquando,</strong></span> 
     </span>
     <span class='ocr_line' id='line_1_3' title="bbox 500 1051 1518 1139; baseline 0 -19"><span class='ocrx_word' id='word_1_9' title='bbox 500 1078 598 1139; x_wconf 87' lang='lat' dir='ltr'><strong>quum</strong></span> <span class='ocrx_word' id='word_1_10' title='bbox 622 1055 668 1117; x_wconf 83' lang='lat' dir='ltr'><strong>vir</strong></span> <span class='ocrx_word' id='word_1_11' title='bbox 689 1055 789 1118; x_wconf 83' lang='lat' dir='ltr'><strong>iactus</strong></span> <span class='ocrx_word' id='word_1_12' title='bbox 812 1062 910 1130; x_wconf 83' lang='lat' dir='ltr'><strong>esset,</strong></span> <span class='ocrx_word' id='word_1_13' title='bbox 935 1051 999 1117; x_wconf 86' lang='lat' dir='ltr'><strong>lore</strong></span> <span class='ocrx_word' id='word_1_14' title='bbox 1023 1061 1059 1116; x_wconf 88' lang='lat' dir='ltr'><strong>ut</strong></span> <span class='ocrx_word' id='word_1_15' title='bbox 1081 1053 1241 1138; x_wconf 75' lang='lat' dir='ltr'><strong>contingat</strong></span> <span class='ocrx_word' id='word_1_16' title='bbox 1264 1074 1404 1120; x_wconf 85' lang='lat' dir='ltr'><strong>summus</strong></span> <span class='ocrx_word' id='word_1_17' title='bbox 1419 1057 1518 1120; x_wconf 83' lang='lat' dir='ltr'><strong>honos</strong></span> 
     </span>
     <span class='ocr_line' id='line_1_4' title="bbox 499 1169 1520 1257; baseline 0.001 -22"><span class='ocrx_word' id='word_1_18' title='bbox 499 1172 646 1235; x_wconf 84' lang='lat' dir='ltr'><strong>victoriae</strong></span> <span class='ocrx_word' id='word_1_19' title='bbox 668 1171 701 1234; x_wconf 92' lang='lat' dir='ltr'><strong>in</strong></span> <span class='ocrx_word' id='word_1_20' title='bbox 725 1169 882 1254; x_wconf 86' lang='lat' dir='ltr'><strong>pancratio</strong></span> <span class='ocrx_word' id='word_1_21' title='bbox 905 1177 1095 1252; x_wconf 75' lang='lat' dir='ltr'><strong>reportatsez</strong></span> <span class='ocrx_word' id='word_1_22' title='bbox 1121 1169 1371 1256; x_wconf 80' lang='lat' dir='ltr'><strong>qnandoquidem</strong></span> <span class='ocrx_word' id='word_1_23' title='bbox 1386 1181 1417 1236; x_wconf 86' lang='lat' dir='ltr'><strong>et</strong></span> <span class='ocrx_word' id='word_1_24' title='bbox 1432 1173 1520 1257; x_wconf 85' lang='lat' dir='ltr'><strong>ipse,</strong></span> 
     </span>
     <span class='ocr_line' id='line_1_5' title="bbox 500 1287 1518 1374; baseline 0.002 -22"><span class='ocrx_word' id='word_1_25' title='bbox 500 1289 655 1374; x_wconf 89' lang='lat' dir='ltr'><strong>praeclaro</strong></span> <span class='ocrx_word' id='word_1_26' title='bbox 679 1290 744 1373; x_wconf 91' lang='lat' dir='ltr'><strong>jam</strong></span> <span class='ocrx_word' id='word_1_27' title='bbox 771 1287 914 1351; x_wconf 77' lang='lat' dir='ltr'><strong>firocinio</strong></span> <span class='ocrx_word' id='word_1_28' title='bbox 938 1287 1038 1364; x_wconf 76' lang='lat' dir='ltr'><strong>laeto,</strong></span> <span class='ocrx_word' id='word_1_29' title='bbox 1060 1288 1139 1351; x_wconf 84' lang='lat' dir='ltr'><strong>viam</strong></span> <span class='ocrx_word' id='word_1_30' title='bbox 1163 1289 1278 1372; x_wconf 85' lang='lat' dir='ltr'><strong>optime</strong></span> <span class='ocrx_word' id='word_1_31' title='bbox 1302 1290 1518 1374; x_wconf 70' lang='lat' dir='ltr'><strong>progrediendi</strong></span> 
     </span>
     <span class='ocr_line' id='line_1_6' title="bbox 499 1404 1518 1491; baseline 0.004 -23"><span class='ocrx_word' id='word_1_32' title='bbox 499 1406 677 1491; x_wconf 73' lang='lat' dir='ltr'><strong>eognoverit</strong></span> <span class='ocrx_word' id='word_1_33' title='bbox 700 1404 900 1490; x_wconf 78' lang='lat' dir='ltr'><strong>experiendo:</strong></span> <span class='ocrx_word' id='word_1_34' title='bbox 923 1412 992 1468; x_wconf 89' lang='lat' dir='ltr'><strong>tom</strong></span> <span class='ocrx_word' id='word_1_35' title='bbox 1016 1405 1090 1488; x_wconf 87' lang='lat' dir='ltr'><strong>quia</strong></span> <span class='ocrx_word' id='word_1_36' title='bbox 1112 1405 1203 1468; x_wconf 78' lang='lat' dir='ltr'><strong>etiem</strong></span> <span class='ocrx_word' id='word_1_37' title='bbox 1228 1427 1319 1489; x_wconf 92' lang='lat' dir='ltr'><strong>porro</strong></span> <span class='ocrx_word' id='word_1_38' title='bbox 1342 1429 1457 1472; x_wconf 82' lang='lat' dir='ltr'><strong>usurus</strong></span> <span class='ocrx_word' id='word_1_39' title='bbox 1476 1408 1518 1472; x_wconf 91' lang='lat' dir='ltr'><strong>sit</strong></span> 
     </span>
     <span class='ocr_line' id='line_1_7' title="bbox 499 1520 1521 1609; baseline 0.001 -20"><span class='ocrx_word' id='word_1_40' title='bbox 499 1524 646 1608; x_wconf 80' lang='lat' dir='ltr'><strong>magistro</strong></span> <span class='ocrx_word' id='word_1_41' title='bbox 662 1522 870 1587; x_wconf 83' lang='lat' dir='ltr'><strong>eruditissimo</strong></span> <span class='ocrx_word' id='word_1_42' title='bbox 886 1531 917 1586; x_wconf 86' lang='lat' dir='ltr'><strong>et</strong></span> <span class='ocrx_word' id='word_1_43' title='bbox 932 1520 1141 1586; x_wconf 82' lang='lat' dir='ltr'><strong>solertissimo.</strong></span> <span class='ocrx_word' id='word_1_44' title='bbox 1166 1521 1283 1587; x_wconf 76' lang='lat' dir='ltr'><strong>Verum</strong></span> <span class='ocrx_word' id='word_1_45' title='bbox 1299 1546 1411 1609; x_wconf 78' lang='lat' dir='ltr'><strong>magna</strong></span> <span class='ocrx_word' id='word_1_46' title='bbox 1424 1525 1521 1590; x_wconf 63' lang='lat' dir='ltr'><strong>Melo*</strong></span> 
     </span>
     <span class='ocr_line' id='line_1_8' title="bbox 499 1637 1520 1727; baseline 0.005 -26"><span class='ocrx_word' id='word_1_47' title='bbox 499 1641 562 1703; x_wconf 83' lang='lat' dir='ltr'><strong>siae</strong></span> <span class='ocrx_word' id='word_1_48' title='bbox 584 1637 683 1722; x_wconf 74' lang='lat' dir='ltr'><strong>gloria</strong></span> <span class='ocrx_word' id='word_1_49' title='bbox 706 1658 769 1702; x_wconf 92' lang='lat' dir='ltr'><strong>non</strong></span> <span class='ocrx_word' id='word_1_50' title='bbox 796 1639 897 1702; x_wconf 78' lang='lat' dir='ltr'><strong>carnit</strong></span> <span class='ocrx_word' id='word_1_51' title='bbox 926 1637 1166 1704; x_wconf 73' lang='lat' dir='ltr'><strong>obtrectatione:</strong></span> <span class='ocrx_word' id='word_1_52' title='bbox 1182 1640 1424 1727; x_wconf 82' lang='lat' dir='ltr'><strong>necquidquam</strong></span> <span class='ocrx_word' id='word_1_53' title='bbox 1440 1642 1520 1706; x_wconf 89' lang='lat' dir='ltr'><strong>solet</strong></span> 
     </span>
     <span class='ocr_line' id='line_1_9' title="bbox 501 1757 1519 1841; baseline 0.004 -21"><span class='ocrx_word' id='word_1_54' title='bbox 501 1757 620 1841; x_wconf 89' lang='lat' dir='ltr'><strong>placere</strong></span> <span class='ocrx_word' id='word_1_55' title='bbox 653 1757 767 1839; x_wconf 85' lang='lat' dir='ltr'><strong>pariter</strong></span> <span class='ocrx_word' id='word_1_56' title='bbox 796 1757 916 1820; x_wconf 85' lang='lat' dir='ltr'><strong>cunctis</strong></span> <span class='ocrx_word' id='word_1_57' title='bbox 949 1757 1148 1821; x_wconf 70' lang='lat' dir='ltr'><strong>mortalibus:</strong></span> <span class='ocrx_word' id='word_1_58' title='bbox 1173 1773 1245 1841; x_wconf 80' lang='lat' dir='ltr'><strong>ergo</strong></span> <span class='ocrx_word' id='word_1_59' title='bbox 1269 1757 1383 1836; x_wconf 85' lang='lat' dir='ltr'><strong>Poeta,</strong></span> <span class='ocrx_word' id='word_1_60' title='bbox 1406 1760 1440 1823; x_wconf 91' lang='lat' dir='ltr'><strong>in</strong></span> <span class='ocrx_word' id='word_1_61' title='bbox 1462 1759 1519 1824; x_wconf 78' lang='lat' dir='ltr'><strong>tuli</strong></span> 
     </span>
     <span class='ocr_line' id='line_1_10' title="bbox 500 1872 1519 1957; baseline 0.006 -23"><span class='ocrx_word' id='word_1_62' title='bbox 500 1874 566 1937; x_wconf 85' lang='lat' dir='ltr'><strong>viro</strong></span> <span class='ocrx_word' id='word_1_63' title='bbox 595 1872 751 1936; x_wconf 86' lang='lat' dir='ltr'><strong>londando</strong></span> <span class='ocrx_word' id='word_1_64' title='bbox 778 1873 939 1957; x_wconf 84' lang='lat' dir='ltr'><strong>copiosus,</strong></span> <span class='ocrx_word' id='word_1_65' title='bbox 963 1873 1095 1938; x_wconf 89' lang='lat' dir='ltr'><strong>nonvult</strong></span> <span class='ocrx_word' id='word_1_66' title='bbox 1116 1873 1251 1938; x_wconf 87' lang='lat' dir='ltr'><strong>invidiae</strong></span> <span class='ocrx_word' id='word_1_67' title='bbox 1274 1883 1357 1940; x_wconf 87' lang='lat' dir='ltr'><strong>metu</strong></span> <span class='ocrx_word' id='word_1_68' title='bbox 1380 1897 1412 1939; x_wconf 85' lang='lat' dir='ltr'><strong>se</strong></span> <span class='ocrx_word' id='word_1_69' title='bbox 1435 1875 1519 1940; x_wconf 80' lang='lat' dir='ltr'><strong>echi·</strong></span> 
     </span>
     <span class='ocr_line' id='line_1_11' title="bbox 499 1989 1518 2076; baseline 0.004 -24"><span class='ocrx_word' id='word_1_70' title='bbox 499 1989 584 2066; x_wconf 86' lang='lat' dir='ltr'><strong>beri,</strong></span> <span class='ocrx_word' id='word_1_71' title='bbox 609 2011 714 2053; x_wconf 84' lang='lat' dir='ltr'><strong>rerum</strong></span> <span class='ocrx_word' id='word_1_72' title='bbox 737 2011 805 2052; x_wconf 87' lang='lat' dir='ltr'><strong>eam</strong></span> <span class='ocrx_word' id='word_1_73' title='bbox 820 1990 931 2053; x_wconf 83' lang='lat' dir='ltr'><strong>evertit</strong></span> <span class='ocrx_word' id='word_1_74' title='bbox 946 2012 965 2052; x_wconf 88' lang='lat' dir='ltr'><strong>a</strong></span> <span class='ocrx_word' id='word_1_75' title='bbox 980 2012 1021 2054; x_wconf 84' lang='lat' dir='ltr'><strong>se.</strong></span> <span class='ocrx_word' id='word_1_76' title='bbox 1058 1989 1151 2070; x_wconf 79' lang='lat' dir='ltr'><strong>Quod</strong></span> <span class='ocrx_word' id='word_1_77' title='bbox 1168 1991 1291 2076; x_wconf 83' lang='lat' dir='ltr'><strong>seripsi,</strong></span> <span class='ocrx_word' id='word_1_78' title='bbox 1309 1991 1460 2076; x_wconf 86' lang='lat' dir='ltr'><strong>pancratii</strong></span> <span class='ocrx_word' id='word_1_79' title='bbox 1474 1993 1518 2056; x_wconf 81' lang='lat' dir='ltr'><strong>vi·</strong></span> 
     </span>
     <span class='ocr_line' id='line_1_12' title="bbox 502 2104 1518 2190; baseline 0.003 -21"><span class='ocrx_word' id='word_1_80' title='bbox 502 2105 570 2169; x_wconf 90' lang='lat' dir='ltr'><strong>rilis</strong></span> <span class='ocrx_word' id='word_1_81' title='bbox 581 2105 739 2169; x_wconf 85' lang='lat' dir='ltr'><strong>victoriam</strong></span> <span class='ocrx_word' id='word_1_82' title='bbox 754 2104 924 2168; x_wconf 74' lang='lat' dir='ltr'><strong>Pindarum</strong></span> <span class='ocrx_word' id='word_1_83' title='bbox 937 2127 1056 2190; x_wconf 83' lang='lat' dir='ltr'><strong>sperare</strong></span> <span class='ocrx_word' id='word_1_84' title='bbox 1067 2105 1258 2171; x_wconf 79' lang='lat' dir='ltr'><strong>Timostheni</strong></span> <span class='ocrx_word' id='word_1_85' title='bbox 1264 2153 1274 2184; x_wconf 86' lang='lat'><em>,</em></span> <span class='ocrx_word' id='word_1_86' title='bbox 1287 2107 1380 2172; x_wconf 88' lang='lat' dir='ltr'><strong>habet</strong></span> <span class='ocrx_word' id='word_1_87' title='bbox 1391 2107 1425 2172; x_wconf 94' lang='lat' dir='ltr'><strong>id</strong></span> <span class='ocrx_word' id='word_1_88' title='bbox 1437 2109 1518 2172; x_wconf 86' lang='lat' dir='ltr'><strong>banc</strong></span> 
     </span>
     <span class='ocr_line' id='line_1_13' title="bbox 501 2221 1515 2310; baseline 0.005 -25"><span class='ocrx_word' id='word_1_89' title='bbox 501 2241 641 2298; x_wconf 87' lang='lat' dir='ltr'><strong>causam,</strong></span> <span class='ocrx_word' id='word_1_90' title='bbox 674 2221 758 2306; x_wconf 91' lang='lat' dir='ltr'><strong>qnod</strong></span> <span class='ocrx_word' id='word_1_91' title='bbox 781 2240 847 2286; x_wconf 85' lang='lat' dir='ltr'><strong>eam</strong></span> <span class='ocrx_word' id='word_1_92' title='bbox 871 2245 958 2306; x_wconf 87' lang='lat' dir='ltr'><strong>spem</strong></span> <span class='ocrx_word' id='word_1_93' title='bbox 981 2225 1165 2308; x_wconf 85' lang='lat' dir='ltr'><strong>pronunciat</strong></span> <span class='ocrx_word' id='word_1_94' title='bbox 1188 2224 1336 2288; x_wconf 83' lang='lat' dir='ltr'><strong>continuo</strong></span> <span class='ocrx_word' id='word_1_95' title='bbox 1359 2235 1431 2310; x_wconf 89' lang='lat' dir='ltr'><strong>post</strong></span> <span class='ocrx_word' id='word_1_96' title='bbox 1452 2247 1515 2290; x_wconf 85' lang='lat' dir='ltr'><strong>ma·</strong></span> 
     </span>
     <span class='ocr_line' id='line_1_14' title="bbox 500 2337 1513 2424; baseline 0.003 -22"><span class='ocrx_word' id='word_1_97' title='bbox 500 2346 653 2402; x_wconf 86' lang='lat' dir='ltr'><strong>moratum</strong></span> <span class='ocrx_word' id='word_1_98' title='bbox 681 2338 765 2401; x_wconf 87' lang='lat' dir='ltr'><strong>illins</strong></span> <span class='ocrx_word' id='word_1_99' title='bbox 795 2337 984 2403; x_wconf 82' lang='lat' dir='ltr'><strong>Nemeaeum</strong></span> <span class='ocrx_word' id='word_1_100' title='bbox 1015 2339 1123 2404; x_wconf 86' lang='lat' dir='ltr'><strong>decus:</strong></span> <span class='ocrx_word' id='word_1_101' title='bbox 1155 2351 1202 2417; x_wconf 89' lang='lat' dir='ltr'><strong>et,</strong></span> <span class='ocrx_word' id='word_1_102' title='bbox 1226 2341 1299 2424; x_wconf 85' lang='lat' dir='ltr'><strong>quis</strong></span> <span class='ocrx_word' id='word_1_103' title='bbox 1321 2340 1388 2418; x_wconf 89' lang='lat' dir='ltr'><strong>ille,</strong></span> <span class='ocrx_word' id='word_1_104' title='bbox 1414 2351 1451 2406; x_wconf 85' lang='lat' dir='ltr'><strong>nt</strong></span> <span class='ocrx_word' id='word_1_105' title='bbox 1473 2341 1513 2405; x_wconf 89' lang='lat' dir='ltr'><strong>ad</strong></span> 
     </span>
     <span class='ocr_line' id='line_1_15' title="bbox 500 2455 1517 2540; baseline 0.006 -23"><span class='ocrx_word' id='word_1_106' title='bbox 500 2477 535 2517; x_wconf 83' lang='lat' dir='ltr'><strong>va</strong></span> <span class='ocrx_word' id='word_1_107' title='bbox 569 2456 607 2518; x_wconf 79' lang='lat' dir='ltr'><strong>le</strong></span> <span class='ocrx_word' id='word_1_108' title='bbox 633 2455 795 2532; x_wconf 84' lang='lat' dir='ltr'><strong>annotavi,</strong></span> <span class='ocrx_word' id='word_1_109' title='bbox 819 2455 912 2518; x_wconf 83' lang='lat' dir='ltr'><strong>fretra</strong></span> <span class='ocrx_word' id='word_1_110' title='bbox 935 2456 1032 2540; x_wconf 85' lang='lat' dir='ltr'><strong>mojor</strong></span> <span class='ocrx_word' id='word_1_111' title='bbox 1053 2456 1148 2520; x_wconf 84' lang='lat' dir='ltr'><strong>foisse</strong></span> <span class='ocrx_word' id='word_1_112' title='bbox 1170 2457 1308 2522; x_wconf 82' lang='lat' dir='ltr'><strong>videtur:</strong></span> <span class='ocrx_word' id='word_1_113' title='bbox 1333 2467 1401 2522; x_wconf 88' lang='lat' dir='ltr'><strong>turn</strong></span> <span class='ocrx_word' id='word_1_114' title='bbox 1423 2479 1517 2536; x_wconf 81' lang='lat' dir='ltr'><strong>vero,</strong></span> 
     </span>
     <span class='ocr_line' id='line_1_16' title="bbox 500 2571 1514 2660; baseline 0.007 -26"><span class='ocrx_word' id='word_1_115' title='bbox 500 2571 574 2654; x_wconf 84' lang='lat' dir='ltr'><strong>quia</strong></span> <span class='ocrx_word' id='word_1_116' title='bbox 604 2572 649 2635; x_wconf 88' lang='lat' dir='ltr'><strong>sio</strong></span> <span class='ocrx_word' id='word_1_117' title='bbox 674 2572 791 2656; x_wconf 89' lang='lat' dir='ltr'><strong>optime</strong></span> <span class='ocrx_word' id='word_1_118' title='bbox 821 2574 964 2638; x_wconf 78' lang='lat' dir='ltr'><strong>convenit</strong></span> <span class='ocrx_word' id='word_1_119' title='bbox 995 2595 1029 2636; x_wconf 87' lang='lat' dir='ltr'><strong>vs</strong></span> <span class='ocrx_word' id='word_1_120' title='bbox 1053 2576 1095 2636; x_wconf 80' lang='grc'><strong>86</strong></span> <span class='ocrx_word' id='word_1_121' title='bbox 1119 2574 1236 2638; x_wconf 84' lang='lat' dir='ltr'><strong>reditus</strong></span> <span class='ocrx_word' id='word_1_122' title='bbox 1260 2574 1299 2638; x_wconf 90' lang='lat' dir='ltr'><strong>ad</strong></span> <span class='ocrx_word' id='word_1_123' title='bbox 1322 2583 1514 2660; x_wconf 81' lang='lat' dir='ltr'><strong>praesentem</strong></span> 
     </span>
     <span class='ocr_line' id='line_1_17' title="bbox 500 2687 1513 2776; baseline 0.005 -25"><span class='ocrx_word' id='word_1_124' title='bbox 500 2688 623 2752; x_wconf 85' lang='lat' dir='ltr'><strong>laudem</strong></span> <span class='ocrx_word' id='word_1_125' title='bbox 655 2687 897 2766; x_wconf 78' lang='lat' dir='ltr'><strong>Alcimedontis,</strong></span> <span class='ocrx_word' id='word_1_126' title='bbox 932 2689 1008 2773; x_wconf 83' lang='lat' dir='ltr'><strong>ipsis</strong></span> <span class='ocrx_word' id='word_1_127' title='bbox 1030 2691 1187 2756; x_wconf 83' lang='lat' dir='ltr'><strong>vocabulis</strong></span> <span class='ocrx_word' id='word_1_128' title='bbox 1210 2697 1257 2757; x_wconf 78' lang='grc' dir='ltr'><strong>νῦν</strong></span> <span class='ocrx_word' id='word_1_129' title='bbox 1280 2693 1335 2767; x_wconf 70' lang='grc' dir='ltr'><strong>μὲν</strong></span> <span class='ocrx_word' id='word_1_130' title='bbox 1357 2713 1376 2755; x_wconf 88' lang='lat' dir='ltr'><strong>a</strong></span> <span class='ocrx_word' id='word_1_131' title='bbox 1398 2693 1513 2776; x_wconf 78' lang='lat' dir='ltr'><strong>digres-</strong></span> 
     </span>
     <span class='ocr_line' id='line_1_18' title="bbox 502 2803 1115 2889; baseline 0.005 -22"><span class='ocrx_word' id='word_1_132' title='bbox 502 2805 589 2869; x_wconf 85' lang='lat' dir='ltr'><strong>aione</strong></span> <span class='ocrx_word' id='word_1_133' title='bbox 611 2803 652 2868; x_wconf 90' lang='lat' dir='ltr'><strong>ad</strong></span> <span class='ocrx_word' id='word_1_134' title='bbox 674 2805 867 2889; x_wconf 86' lang='lat' dir='ltr'><strong>propositum</strong></span> <span class='ocrx_word' id='word_1_135' title='bbox 889 2806 1115 2872; x_wconf 82' lang='lat' dir='ltr'><strong>revocantibus.</strong></span> 
     </span>
    </p>

    <p class='ocr_par' dir='ltr' id='par_1_3' title="bbox 495 2921 1514 3829">
     <span class='ocr_line' id='line_1_19' title="bbox 547 2921 1514 3009; baseline 0.003 -24"><span class='ocrx_word' id='word_1_136' title='bbox 547 2923 599 2985; x_wconf 88' lang='grc'><strong>70.</strong></span> <span class='ocrx_word' id='word_1_137' title='bbox 632 2921 762 2997; x_wconf 75' lang='lat' dir='ltr'><strong>Temlr</strong></span> <span class='ocrx_word' id='word_1_138' title='bbox 790 2947 817 2984; x_wconf 76' lang='lat' dir='ltr'><strong>rs</strong></span> <span class='ocrx_word' id='word_1_139' title='bbox 847 2947 877 2988; x_wconf 84' lang='lat' dir='ltr'><strong>r.</strong></span> <span class='ocrx_word' id='word_1_140' title='bbox 909 2938 939 2986; x_wconf 76' lang='grc' dir='ltr'><strong>λ.</strong></span> <span class='ocrx_word' id='word_1_141' title='bbox 975 2922 1108 2987; x_wconf 75' lang='lat' dir='ltr'><strong>Rediens</strong></span> <span class='ocrx_word' id='word_1_142' title='bbox 1138 2922 1177 2989; x_wconf 87' lang='lat' dir='ltr'><strong>ab</strong></span> <span class='ocrx_word' id='word_1_143' title='bbox 1205 2925 1342 3009; x_wconf 78' lang='lat' dir='ltr'><strong>antiquio</strong></span> <span class='ocrx_word' id='word_1_144' title='bbox 1366 2925 1458 2990; x_wconf 78' lang='lat' dir='ltr'><strong>Aeaci</strong></span> <span class='ocrx_word' id='word_1_145' title='bbox 1481 2933 1514 2988; x_wconf 87' lang='lat' dir='ltr'><strong>et</strong></span> 
     </span>
     <span class='ocr_line' id='line_1_20' title="bbox 500 3036 1513 3125; baseline 0.005 -24"><span class='ocrx_word' id='word_1_146' title='bbox 500 3036 704 3102; x_wconf 67' lang='lat' dir='ltr'><strong>Aeacidarum</strong></span> <span class='ocrx_word' id='word_1_147' title='bbox 739 3036 887 3104; x_wconf 76' lang='lat' dir='ltr'><strong>laudibus</strong></span> <span class='ocrx_word' id='word_1_148' title='bbox 917 3041 1078 3125; x_wconf 78' lang='lat' dir='ltr'><strong>praeponit</strong></span> <span class='ocrx_word' id='word_1_149' title='bbox 1108 3041 1282 3104; x_wconf 82' lang='lat' dir='ltr'><strong>nniversam</strong></span> <span class='ocrx_word' id='word_1_150' title='bbox 1310 3043 1513 3118; x_wconf 74' lang='lat' dir='ltr'><strong>sententian,</strong></span> 
     </span>
     <span class='ocr_line' id='line_1_21' title="bbox 495 3153 1514 3241; baseline 0.003 -24"><span class='ocrx_word' id='word_1_151' title='bbox 495 3155 616 3240; x_wconf 88' lang='lat' dir='ltr'><strong>justum</strong></span> <span class='ocrx_word' id='word_1_152' title='bbox 647 3153 847 3241; x_wconf 82' lang='lat' dir='ltr'><strong>debitamque</strong></span> <span class='ocrx_word' id='word_1_153' title='bbox 873 3157 989 3220; x_wconf 83' lang='lat' dir='ltr'><strong>meritis</strong></span> <span class='ocrx_word' id='word_1_154' title='bbox 1011 3156 1141 3220; x_wconf 84' lang='lat' dir='ltr'><strong>daturus</strong></span> <span class='ocrx_word' id='word_1_155' title='bbox 1164 3157 1328 3232; x_wconf 83' lang='lat' dir='ltr'><strong>honorem,</strong></span> <span class='ocrx_word' id='word_1_156' title='bbox 1353 3165 1385 3220; x_wconf 90' lang='lat' dir='ltr'><strong>et</strong></span> <span class='ocrx_word' id='word_1_157' title='bbox 1407 3157 1514 3221; x_wconf 79' lang='lat' dir='ltr'><strong>bema·</strong></span> 
     </span>
     <span class='ocr_line' id='line_1_22' title="bbox 499 3274 1514 3359; baseline -0.001 -20"><span class='ocrx_word' id='word_1_158' title='bbox 499 3298 574 3339; x_wconf 90' lang='lat' dir='ltr'><strong>num</strong></span> <span class='ocrx_word' id='word_1_159' title='bbox 597 3284 716 3352; x_wconf 85' lang='lat' dir='ltr'><strong>tamen,</strong></span> <span class='ocrx_word' id='word_1_160' title='bbox 739 3297 840 3359; x_wconf 88' lang='lat' dir='ltr'><strong>neque</strong></span> <span class='ocrx_word' id='word_1_161' title='bbox 862 3276 908 3338; x_wconf 87' lang='lat' dir='ltr'><strong>ita</strong></span> <span class='ocrx_word' id='word_1_162' title='bbox 930 3295 1024 3359; x_wconf 89' lang='lat' dir='ltr'><strong>supra</strong></span> <span class='ocrx_word' id='word_1_163' title='bbox 1037 3281 1150 3340; x_wconf 84' lang='lat' dir='ltr'><strong>sortem</strong></span> <span class='ocrx_word' id='word_1_164' title='bbox 1169 3274 1361 3352; x_wconf 86' lang='lat' dir='ltr'><strong>mortalium,</strong></span> <span class='ocrx_word' id='word_1_165' title='bbox 1378 3284 1415 3339; x_wconf 87' lang='lat' dir='ltr'><strong>ut</strong></span> <span class='ocrx_word' id='word_1_166' title='bbox 1429 3275 1514 3338; x_wconf 89' lang='lat' dir='ltr'><strong>omni</strong></span> 
     </span>
     <span class='ocr_line' id='line_1_23' title="bbox 499 3391 1514 3472; baseline 0.001 -17"><span class='ocrx_word' id='word_1_167' title='bbox 499 3391 721 3458; x_wconf 71' lang='lat' dir='ltr'><strong>obtrectatione</strong></span> <span class='ocrx_word' id='word_1_168' title='bbox 754 3401 865 3456; x_wconf 78' lang='lat' dir='ltr'><strong>careat</strong></span> <span class='ocrx_word' id='word_1_169' title='bbox 909 3392 1040 3472; x_wconf 73' lang='grc' dir='ltr'><strong><em>Τερπνόν</em></strong></span> <span class='ocrx_word' id='word_1_170' title='bbox 1074 3399 1121 3456; x_wconf 80' lang='lat' dir='ltr'><strong>eet</strong></span> <span class='ocrx_word' id='word_1_171' title='bbox 1152 3394 1249 3456; x_wconf 77' lang='lat' dir='ltr'><strong>inetur</strong></span> <span class='ocrx_word' id='word_1_172' title='bbox 1278 3391 1411 3457; x_wconf 82' lang='lat' dir='ltr'><strong>nominie</strong></span> <span class='ocrx_word' id='word_1_173' title='bbox 1442 3391 1514 3456; x_wconf 88' lang='lat' dir='ltr'><strong>aub-</strong></span> 
     </span>
     <span class='ocr_line' id='line_1_24' title="bbox 499 3509 1512 3594; baseline 0 -22"><span class='ocrx_word' id='word_1_174' title='bbox 499 3512 645 3588; x_wconf 76' lang='lat' dir='ltr'><strong>stantivi,</strong></span> <span class='ocrx_word' id='word_1_175' title='bbox 675 3519 784 3593; x_wconf 79' lang='lat' dir='ltr'><strong>astque</strong></span> <span class='ocrx_word' id='word_1_176' title='bbox 813 3510 960 3573; x_wconf 81' lang='lat' dir='ltr'><strong>orationis</strong></span> <span class='ocrx_word' id='word_1_177' title='bbox 988 3509 1101 3594; x_wconf 81' lang='lat' dir='ltr'><strong>positio</strong></span> <span class='ocrx_word' id='word_1_178' title='bbox 1123 3509 1218 3584; x_wconf 87' lang='lat' dir='ltr'><strong>baec,</strong></span> <span class='ocrx_word' id='word_1_179' title='bbox 1244 3517 1280 3572; x_wconf 90' lang='lat' dir='ltr'><strong>nt</strong></span> <span class='ocrx_word' id='word_1_180' title='bbox 1302 3509 1512 3592; x_wconf 77' lang='lat' dir='ltr'><strong>significetur,</strong></span> 
     </span>
     <span class='ocr_line' id='line_1_25' title="bbox 499 3623 1513 3706; baseline -0.002 -16"><span class='ocrx_word' id='word_1_181' title='bbox 499 3627 618 3706; x_wconf 69' lang='grc' dir='ltr'><strong>τερπνὸν</strong></span> <span class='ocrx_word' id='word_1_182' title='bbox 646 3628 723 3691; x_wconf 77' lang='grc' dir='ltr'>οὐδὲν</span> <span class='ocrx_word' id='word_1_183' title='bbox 745 3625 865 3691; x_wconf 70' lang='grc' dir='ltr'><strong>ἔσσεται</strong></span> <span class='ocrx_word' id='word_1_184' title='bbox 887 3626 1006 3705; x_wconf 72' lang='lat' dir='ltr'><strong>remis</strong></span> <span class='ocrx_word' id='word_1_185' title='bbox 1028 3623 1087 3690; x_wconf 78' lang='lat' dir='ltr'><strong>lm</strong></span> <span class='ocrx_word' id='word_1_186' title='bbox 1109 3627 1138 3690; x_wconf 72' lang='lat' dir='ltr'><strong>lv</strong></span> <span class='ocrx_word' id='word_1_187' title='bbox 1160 3626 1314 3703; x_wconf 69' lang='grc' dir='ltr'><strong><em>ἀνθρώποις</em></strong></span> <span class='ocrx_word' id='word_1_188' title='bbox 1323 3643 1338 3704; x_wconf 84' lang='grc'><strong>,·</strong></span> <span class='ocrx_word' id='word_1_189' title='bbox 1354 3623 1442 3688; x_wconf 86' lang='lat' dir='ltr'><strong>nulls</strong></span> <span class='ocrx_word' id='word_1_190' title='bbox 1464 3645 1513 3688; x_wconf 82' lang='lat' dir='ltr'><strong>res</strong></span> 
     </span>
     <span class='ocr_line' id='line_1_26' title="bbox 498 3742 1347 3829; baseline -0.001 -22"><span class='ocrx_word' id='word_1_191' title='bbox 498 3745 636 3829; x_wconf 90' lang='lat' dir='ltr'><strong>jnonnda</strong></span> <span class='ocrx_word' id='word_1_192' title='bbox 657 3744 717 3808; x_wconf 88' lang='lat' dir='ltr'><strong>erit</strong></span> <span class='ocrx_word' id='word_1_193' title='bbox 740 3766 788 3807; x_wconf 88' lang='lat' dir='ltr'><strong>res</strong></span> <span class='ocrx_word' id='word_1_194' title='bbox 811 3745 925 3828; x_wconf 86' lang='lat' dir='ltr'><strong>pariter</strong></span> <span class='ocrx_word' id='word_1_195' title='bbox 944 3743 1083 3829; x_wconf 87' lang='lat' dir='ltr'><strong>jucnnda</strong></span> <span class='ocrx_word' id='word_1_196' title='bbox 1105 3744 1139 3807; x_wconf 86' lang='lat' dir='ltr'><strong>in</strong></span> <span class='ocrx_word' id='word_1_197' title='bbox 1162 3742 1347 3807; x_wconf 76' lang='lat' dir='ltr'><strong>hominibus.</strong></span> 
     </span>
    </p>

    <p class='ocr_par' dir='ltr' id='par_1_4' title="bbox 501 3857 1515 4299">
     <span class='ocr_line' id='line_1_27' title="bbox 548 3857 1512 3946; baseline -0.003 -20"><span class='ocrx_word' id='word_1_198' title='bbox 548 3865 600 3926; x_wconf 84' lang='lat' dir='ltr'><strong>ll.</strong></span> <span class='ocrx_word' id='word_1_199' title='bbox 634 3866 783 3944; x_wconf 64' lang='grc' dir='ltr'><strong>Μελησίᾳ.</strong></span> <span class='ocrx_word' id='word_1_200' title='bbox 819 3862 950 3946; x_wconf 78' lang='lat' dir='ltr'><strong>Egregie</strong></span> <span class='ocrx_word' id='word_1_201' title='bbox 980 3861 1126 3926; x_wconf 73' lang='lat' dir='ltr'><strong>landatur</strong></span> <span class='ocrx_word' id='word_1_202' title='bbox 1156 3861 1206 3924; x_wconf 88' lang='lat' dir='ltr'><strong>bic</strong></span> <span class='ocrx_word' id='word_1_203' title='bbox 1237 3860 1320 3925; x_wconf 91' lang='lat' dir='ltr'><strong>idem</strong></span> <span class='ocrx_word' id='word_1_204' title='bbox 1350 3857 1441 3924; x_wconf 90' lang='lat' dir='ltr'><strong>Nem.</strong></span> <span class='ocrx_word' id='word_1_205' title='bbox 1465 3857 1512 3923; x_wconf 80' lang='lat' dir='ltr'><strong>[v</strong></span> 
     </span>
     <span class='ocr_line' id='line_1_28' title="bbox 504 3977 1515 4064; baseline 0 -22"><span class='ocrx_word' id='word_1_206' title='bbox 504 3981 565 4042; x_wconf 82' lang='lat'><strong>151</strong></span> <span class='ocrx_word' id='word_1_207' title='bbox 591 3987 622 4042; x_wconf 89' lang='lat' dir='ltr'><strong>et</strong></span> <span class='ocrx_word' id='word_1_208' title='bbox 646 3977 694 4042; x_wconf 83' lang='lat' dir='ltr'><strong>vl</strong></span> <span class='ocrx_word' id='word_1_209' title='bbox 720 3981 801 4044; x_wconf 83' lang='lat' dir='ltr'><strong>llll:</strong></span> <span class='ocrx_word' id='word_1_210' title='bbox 825 4001 957 4064; x_wconf 86' lang='lat' dir='ltr'><strong>qnorum</strong></span> <span class='ocrx_word' id='word_1_211' title='bbox 982 3987 1148 4062; x_wconf 88' lang='lat' dir='ltr'><strong>utrumque</strong></span> <span class='ocrx_word' id='word_1_212' title='bbox 1171 3999 1292 4042; x_wconf 80' lang='lat' dir='ltr'><strong>carmen</strong></span> <span class='ocrx_word' id='word_1_213' title='bbox 1315 3979 1407 4041; x_wconf 86' lang='lat' dir='ltr'><strong>etiam</strong></span> <span class='ocrx_word' id='word_1_214' title='bbox 1426 3977 1515 4061; x_wconf 75' lang='lat' dir='ltr'><strong>Aegi-</strong></span> 
     </span>
     <span class='ocr_line' id='line_1_29' title="bbox 501 4094 1514 4182; baseline -0.002 -22"><span class='ocrx_word' id='word_1_215' title='bbox 501 4097 610 4160; x_wconf 83' lang='lat' dir='ltr'><strong>noticia</strong></span> <span class='ocrx_word' id='word_1_216' title='bbox 641 4098 706 4180; x_wconf 83' lang='lat' dir='ltr'><strong>ejns</strong></span> <span class='ocrx_word' id='word_1_217' title='bbox 736 4097 896 4182; x_wconf 82' lang='lat' dir='ltr'><strong>discipulis</strong></span> <span class='ocrx_word' id='word_1_218' title='bbox 927 4099 1078 4180; x_wconf 84' lang='lat' dir='ltr'><strong>scriptum</strong></span> <span class='ocrx_word' id='word_1_219' title='bbox 1107 4105 1163 4160; x_wconf 86' lang='lat' dir='ltr'><strong>est.</strong></span> <span class='ocrx_word' id='word_1_220' title='bbox 1209 4095 1324 4160; x_wconf 83' lang='lat' dir='ltr'><strong>&#39;lamen</strong></span> <span class='ocrx_word' id='word_1_221' title='bbox 1348 4094 1514 4160; x_wconf 80' lang='lat' dir='ltr'><strong>scholiasta</strong></span> 
     </span>
     <span class='ocr_line' id='line_1_30' title="bbox 502 4211 1513 4299; baseline -0.002 -21"><span class='ocrx_word' id='word_1_222' title='bbox 502 4214 541 4278; x_wconf 91' lang='lat' dir='ltr'><strong>ad</strong></span> <span class='ocrx_word' id='word_1_223' title='bbox 564 4212 655 4278; x_wconf 89' lang='lat' dir='ltr'><strong>Nem.</strong></span> <span class='ocrx_word' id='word_1_224' title='bbox 680 4213 727 4276; x_wconf 76' lang='grc' dir='ltr'><em>Ν</em></span> <span class='ocrx_word' id='word_1_225' title='bbox 754 4217 815 4278; x_wconf 78' lang='grc'><strong>155</strong></span> <span class='ocrx_word' id='word_1_226' title='bbox 838 4214 928 4278; x_wconf 90' lang='lat' dir='ltr'><strong>illum</strong></span> <span class='ocrx_word' id='word_1_227' title='bbox 951 4214 1026 4279; x_wconf 90' lang='lat' dir='ltr'><strong>dicit</strong></span> <span class='ocrx_word' id='word_1_228' title='bbox 1046 4235 1156 4299; x_wconf 81' lang='lat' dir='ltr'><strong>genere</strong></span> <span class='ocrx_word' id='word_1_229' title='bbox 1172 4212 1392 4277; x_wconf 80' lang='lat' dir='ltr'><strong>Atheniensem</strong></span> <span class='ocrx_word' id='word_1_230' title='bbox 1409 4211 1513 4276; x_wconf 83' lang='lat' dir='ltr'><strong>luisse.</strong></span> 
     </span>
    </p>
   </div>
   <div class='ocr_carea' id='block_1_3' title="bbox 501 4327 1516 4534">
    <p class='ocr_par' dir='ltr' id='par_1_5' title="bbox 501 4327 1516 4534">
     <span class='ocr_line' id='line_1_31' title="bbox 549 4327 1516 4416; baseline -0.005 -20"><span class='ocrx_word' id='word_1_231' title='bbox 549 4336 601 4396; x_wconf 82' lang='lat' dir='ltr'><strong>ll.</strong></span> <span class='ocrx_word' id='word_1_232' title='bbox 636 4332 830 4408; x_wconf 69' lang='grc' dir='ltr'><strong>ἐξὶγενείων</strong></span> <span class='ocrx_word' id='word_1_233' title='bbox 852 4333 947 4405; x_wconf 72' lang='grc' dir='ltr'><strong>κῦδος.</strong></span> <span class='ocrx_word' id='word_1_234' title='bbox 980 4333 1119 4396; x_wconf 85' lang='lat' dir='ltr'><strong>Gloriam</strong></span> <span class='ocrx_word' id='word_1_235' title='bbox 1141 4331 1201 4416; x_wconf 91' lang='lat' dir='ltr'><strong>ipsi</strong></span> <span class='ocrx_word' id='word_1_236' title='bbox 1220 4339 1338 4415; x_wconf 80' lang='lat' dir='ltr'><strong>partam</strong></span> <span class='ocrx_word' id='word_1_237' title='bbox 1354 4351 1391 4392; x_wconf 83' lang='lat' dir='ltr'><strong>ax</strong></span> <span class='ocrx_word' id='word_1_238' title='bbox 1406 4327 1516 4392; x_wconf 82' lang='lat' dir='ltr'><strong>imber·</strong></span> 
     </span>
     <span class='ocr_line' id='line_1_32' title="bbox 501 4445 1512 4534; baseline -0.002 -20"><span class='ocrx_word' id='word_1_239' title='bbox 501 4448 604 4515; x_wconf 84' lang='lat' dir='ltr'><strong>bibns:</strong></span> <span class='ocrx_word' id='word_1_240' title='bbox 631 4472 668 4513; x_wconf 85' lang='lat' dir='ltr'><strong>er</strong></span> <span class='ocrx_word' id='word_1_241' title='bbox 690 4449 913 4534; x_wconf 79' lang='lat' dir='ltr'><strong>discipulorum</strong></span> <span class='ocrx_word' id='word_1_242' title='bbox 937 4450 1073 4516; x_wconf 83' lang='lat' dir='ltr'><strong>victoriis</strong></span> <span class='ocrx_word' id='word_1_243' title='bbox 1097 4447 1317 4515; x_wconf 77' lang='lat' dir='ltr'><strong>redundantem</strong></span> <span class='ocrx_word' id='word_1_244' title='bbox 1341 4445 1381 4512; x_wconf 90' lang='lat' dir='ltr'><strong>ad</strong></span> <span class='ocrx_word' id='word_1_245' title='bbox 1400 4446 1512 4532; x_wconf 82' lang='lat' dir='ltr'><strong>ipsum.</strong></span> 
     </span>
    </p>
   </div>
   <div class='ocr_carea' id='block_1_4' title="bbox 0 0 1868 5542">
    <p class='ocr_par' dir='ltr' id='par_1_6' title="bbox 0 0 1868 5542">
     <span class='ocr_line' id='line_1_33' title="bbox 0 0 1868 5542; baseline 0 0"><span class='ocrx_word' id='word_1_246' title='bbox 0 0 1868 5542; x_wconf 95' lang='lat' dir='ltr'><strong> </strong></span> 
     </span>
    </p>
   </div>
  </div>
 </body>
</html>
