3725 5542
847 748 907 807 341

369 966 427 1005 css.
453 942 545 1023 Quod
571 958 672 1009 sutem
696 947 824 1030 legimus
849 947 886 1011 ad
911 948 1042 1013 eundem
1065 972 1186 1014 versum
1210 951 1241 1015 in
1265 953 1382 1018 scholio

368 1068 484 1139 vetere,
517 1063 572 1127 ὑπὸ
596 1063 718 1135 Γέλωνος
742 1066 894 1145 συνῳκίσθη
922 1069 940 1142 ἦ
965 1069 1120 1147 Καμάρινα
1146 1070 1228 1134 καττὰ
1249 1072 1301 1143 τὴν
1323 1071 1381 1147 μβ

367 1180 581 1257 ’ολυμτιάὶα,
613 1182 649 1253 ὤς
680 1190 752 1261 curs
784 1185 928 1261 Τίμκτοςε
960 1185 1004 1249 ibi
1026 1185 1151 1271 quidem
1174 1185 1301 1251 fortune
1324 1211 1380 1273 pro

366 1297 423 1375 μβ
454 1300 600 1383 scriptum
636 1301 697 1365 fuit
728 1302 793 1379 rrss‘.
840 1302 889 1367 Sic
922 1303 1048 1389 quidem
1079 1303 1118 1368 de
1149 1304 1380 1371 instaurationis

367 1426 503 1503 tempore
526 1442 561 1481 ea
583 1418 645 1483 duo
669 1420 783 1485 scholia
807 1422 886 1487 inter
909 1446 942 1487 se
964 1424 1155 1488 convenient.
1196 1422 1283 1504 Quae
1307 1448 1378 1489 vero

366 1539 398 1602 in
421 1538 588 1623 posteriore
612 1549 710 1605 veteru
734 1540 849 1606 scholio
874 1549 1029 1627 praeterea
1051 1552 1273 1620 memorantur,
1295 1565 1330 1608 ea
1352 1547 1377 1608 si

367 1656 494 1722 velimus
519 1660 658 1744 persequi
682 1668 712 1722 ct
735 1661 910 1745 exquirere,
935 1683 1017 1725 nuno
1041 1661 1165 1745 quidem
1189 1660 1376 1727 abducamur

367 1798 383 1839 a
414 1777 586 1862 proposito:
619 1779 794 1863 praesertim
820 1801 916 1865 quum
941 1779 988 1843 vel
1011 1780 1154 1845 mutilata
1177 1779 1224 1844 vel
1248 1780 1389 1861 confusa·

367 1918 430 1959 esse
454 1895 501 1959 vel
525 1896 631 1961 inscite
655 1898 768 1981 scripta
791 1919 856 1962 esse
880 1897 1051 1963 videantur.

413 2015 503 2101 Apud
533 2014 742 2101 Thucydidem
766 2016 802 2081 L.
828 2016 875 2081 VI
899 2020 917 2079 5
943 2018 981 2081 de
1003 2017 1174 2103 originibus
1197 2018 1375 2083 Camariuac

365 2134 467 2199 eadem
491 2133 622 2219 legimus
646 2144 735 2220 utque
759 2135 841 2220 apud
865 2135 1044 2200 scholiastae
1059 2135 1203 2201 Pindari:
1220 2136 1373 2201 conditam

365 2274 429 2317 esse
461 2278 478 2317 a
508 2253 703 2339 Syracusanis
736 2278 815 2321 nnnc
842 2264 910 2342 post
934 2256 1015 2341 ipsas
1037 2255 1201 2341 Syracusas
1223 2256 1285 2320 scre
1308 2278 1376 2321 cen·

364 2374 472 2438 tesimo
503 2373 658 2459 trigesimo
688 2375 813 2460 quinto:
847 2376 901 2460 qui
925 2386 972 2439 est
995 2385 1066 2440 aute
1088 2374 1123 2439 C.
1147 2374 1188 2438 N.
1215 2377 1295 2453 598,
1320 2373 1370 2439 Ol.

364 2491 472 2556 LVII:
497 2494 682 2558 destructam
705 2517 768 2558 esso
794 2504 898 2579 postea
921 2517 940 2557 a
959 2492 1164 2578 Syracusanis.
1204 2492 1374 2558 Posteriore

364 2619 498 2696 tempore
531 2610 746 2698 Hippocratem
780 2611 873 2676 Gelae
896 2620 1059 2696 tyranuum
1082 2634 1137 2697 pro
1160 2612 1258 2697 pretio
1282 2612 1376 2697 capti-

365 2752 469 2794 vorum
501 2730 754 2815 Syracusanorum
783 2731 933 2817 accepisse
956 2738 1065 2795 terram
1090 2728 1370 2808 Camarinensium,

365 2859 456 2933 aulos
480 2850 584 2914 urbem
608 2851 801 2914 instaurasse.
828 2848 944 2913 Rursus
967 2849 1092 2914 eandem
1113 2848 1263 2914 aGelone
1278 2855 1375 2913 rasta-

364 2977 441 3045 tam,
466 2969 556 3033 tertio
579 2992 595 3033 s
619 2969 736 3033 Geloue
759 2970 955 3035 constitutam
981 2992 1054 3033 csse.
1078 2968 1193 3034 Verum
1218 2967 1372 3033 Diodorus

364 3087 501 3165 Siculus,
526 3088 562 3153 L.
587 3088 634 3153 XI
652 3092 692 3153 76
706 3140 715 3167 ,
733 3088 924 3153 Camerinam
941 3112 958 3152 a
974 3088 1079 3153 Geloia
1094 3089 1292 3153 constitutam
1308 3110 1374 3153 esse

365 3206 468 3270 scribit
491 3216 522 3272 et
545 3206 582 3271 de
606 3230 683 3271 novo
708 3230 794 3292 agros
815 3206 997 3272 distributos
1013 3204 1064 3271 01.
1080 3204 1217 3270 LXXIX
1235 3211 1370 3271 annos:

365 3326 463 3391 utitur
486 3325 589 3391 eodem
613 3326 704 3391 verbo
729 3334 820 3410 atspne
844 3328 875 3391 iu
900 3350 936 3390 ca
958 3348 990 3391 re
1012 3324 1226 3410 Thucydides,
1249 3327 1374 3391 κατοικί-

362 3444 427 3525 ζειν.
474 3445 669 3532 Quapropter
699 3447 846 3511 assentior
873 3466 1055 3530 magnopere
1079 3444 1151 3507 viris
1174 3443 1290 3521 doctis,
1314 3443 1369 3529 qui

363 3564 444 3649 apud
474 3563 701 3649 Thucydidem,
733 3564 786 3630 ubi
810 3564 958 3649 scriptum
982 3570 1045 3628 est:
1070 3562 1119 3627 sai
1142 3559 1221 3633 αὖθις
1245 3562 1299 3627 ὑπὸ
1321 3560 1373 3626 l't·
1474 3646 1478 3651 ι

361 3698 447 3755 nosos
470 3682 636 3755 ἀνάστατος
660 3686 815 3761 γενομένη,
843 3682 876 3746 τὸ
898 3682 991 3763 τρίτον
1015 3681 1176 3762 κατῳκίσθη
1200 3678 1256 3744 ὑπὸ
1282 3679 1374 3744 stne·

362 3824 422 3873 ccc:
449 3801 609 3887 legendum
635 3810 762 3887 putant:
788 3802 991 3867 descrendos.
1016 3798 1135 3879 Quodsi
1166 3799 1224 3863 hoc
1249 3819 1310 3862 non
1334 3820 1370 3861 ex

363 3920 506 3985 historiae
537 3920 711 3985 testimonio
739 3919 928 3985 efficiendum
952 3927 1034 3995 erat,
1058 3926 1158 3981 tamen
1184 3917 1249 4001 ipsa
1272 3916 1368 3979 oratio

362 4038 551 4124 Thucydidis
568 4039 809 4104 emendationem
824 4038 987 4103 videbatur
997 4037 1085 4122 quasi
1100 4036 1267 4119 requirere:
1284 4056 1370 4111 uam,

361 4157 385 4219 si
411 4155 441 4219 id
466 4156 605 4240 quidem,
631 4157 713 4242 quod
737 4159 884 4243 scriptum
909 4166 968 4232 est,
995 4156 1095 4219 dicere
1118 4153 1270 4229 voluerat,
1287 4160 1368 4215 certe

362 4276 531 4360 scripturus
563 4276 655 4339 fuisse
687 4276 822 4340 videtur:
849 4276 902 4339 ὑπὸ
925 4280 976 4339 τοῦ
1000 4277 1089 4339 αὐτοῦ
1112 4273 1245 4342 Γέλωνος.
1292 4270 1370 4334 Gelo

361 4402 462 4457 nutem
487 4393 562 4459 obiit
585 4392 634 4457 Ol.
658 4394 777 4458 LXXV
801 4418 826 4457 a.
852 4397 889 4458 3:
916 4392 1007 4457 Diod.
1031 4391 1090 4456 sic.
1116 4390 1163 4454 XI
1186 4392 1238 4452 26.
1269 4388 1309 4452 Et
1332 4386 1369 4450 de

364 4514 532 4579 instaurata
563 4513 599 4577 ab
624 4513 825 4599 hippocrate,
858 4536 875 4577 a
903 4512 1020 4579 Gelone
1044 4532 1114 4575 vero
1138 4508 1291 4579 destructa
1314 4505 1370 4575 Ca-
