3725 5542
1004 715 1068 776 40⁰

526 915 703 979 testimonia
731 913 780 978 rel
809 935 847 977 ex
876 913 1035 977 Herodoto
1066 912 1115 978 vel
1144 935 1161 976 e
1187 913 1440 979 convenientibus
1466 935 1537 980 oum

525 1029 685 1096 Herodoto
707 1029 936 1095 narrationibus
959 1031 1057 1116 petita
1079 1052 1144 1094 esse
1167 1030 1327 1095 videntur:
1351 1033 1419 1116 ipsa
1433 1041 1536 1096 tamen

439 1161 452 1178 ⁸
525 1149 661 1234 aliquam
683 1149 831 1234 praebent
851 1147 1073 1213 difficultatem.
1121 1147 1202 1212 Nam
1225 1148 1280 1233 qui
1302 1157 1376 1213 sunt
1399 1149 1445 1213 illi
1467 1152 1536 1230 χθό-

524 1289 573 1330 νιοι
603 1266 675 1349 leel,
706 1287 838 1352 quorum
864 1286 951 1330 sacra
976 1264 1086 1329 habuit
1107 1264 1246 1342 Telines,
1270 1271 1302 1330 et
1323 1267 1453 1350 posteris
1476 1275 1535 1332 tra·

525 1382 626 1447 didit?
657 1381 737 1447 Sunt
767 1391 823 1447 eut
850 1383 1012 1463 ἐπιχώριοι,
1037 1381 1157 1446 Siciliae
1180 1382 1314 1467 proprii,
1338 1391 1420 1447 certe
1442 1381 1534 1448 (leros

524 1509 556 1564 et
577 1499 774 1585 Proserpina,
798 1499 911 1584 quibus
933 1499 1082 1564 esinsula
1093 1521 1186 1584 supra
1196 1499 1330 1584 reliquas
1342 1507 1437 1565 terras
1449 1523 1535 1566 sacra

522 1618 601 1696 luit,
635 1626 667 1681 et
700 1618 828 1702 adjungi
861 1617 999 1702 potuerit
1033 1617 1137 1702 aliquo
1172 1616 1282 1696 modo,
1313 1619 1453 1702 quamvis
1483 1619 1534 1682 vix

522 1756 676 1819 congruo,
706 1733 829 1819 Jupiter
856 1736 1030 1812 Aetnaeus,
1054 1735 1204 1814 ἐπιχώριος
1226 1734 1387 1799 habendus
1410 1743 1534 1820 propter

521 1859 656 1915 montem
681 1854 823 1915 Aetnam.
857 1850 973 1916 Verum
998 1850 1081 1936 apud
1104 1850 1298 1916 Herodotum
1320 1850 1358 1915 L.
1383 1850 1429 1915 VI
1451 1855 1531 1930 134,

525 1971 587 2033 135
615 1970 707 2033 etiam
730 1976 938 2033 memorantur
959 1969 1064 2048 χθόνιοι
1087 1970 1159 2042 leel,
1183 1990 1279 2052 eaque
1301 1969 1447 2034 memoria
1470 1991 1531 2034 nou

521 2086 560 2151 ad
591 2085 726 2150 Siciliam
756 2085 811 2151 sed
841 2086 880 2150 ad
908 2087 1022 2151 Parum
1045 2086 1178 2151 insulam
1201 2087 1351 2173 pertinet,
1374 2095 1531 2153 ettamen

520 2203 665 2268 Demeter
693 2202 924 2289 Thesmophora
954 2205 987 2269 in
1009 2205 1047 2268 iis
1070 2212 1117 2268 est
1140 2204 1312 2290 praecipua.
1357 2205 1441 2290 lugo
1464 2226 1531 2289 pro·

521 2321 621 2386 babile
650 2321 729 2386 mihi
758 2320 897 2400 videtur,
927 2321 998 2386 illos
1023 2323 1150 2402 χθονίους
1173 2324 1267 2406 θεοὺς,
1291 2343 1423 2407 quorum
1446 2343 1531 2388 sacra

519 2439 662 2504 habuerit
683 2438 823 2517 Telines,
847 2441 939 2504 etiam
964 2439 1057 2504 luisse
1079 2437 1219 2504 Cererem
1243 2446 1274 2504 et
1296 2440 1527 2526 Proserpinam,

516 2579 580 2621 non
602 2565 726 2642 propter
747 2556 869 2620 Siciliae
890 2555 973 2634 loca,
997 2555 1052 2620 aed
1067 2563 1191 2641 propter
1205 2555 1393 2641 praesidium
1409 2557 1527 2623 Cereris

517 2673 551 2738 in
582 2671 768 2758 procreando
800 2673 954 2737 frumento
978 2679 1009 2736 et
1032 2681 1157 2759 propter
1179 2673 1259 2738 filiae
1282 2675 1348 2759 ejus
1371 2674 1473 2739 sedem
1495 2675 1528 2739 iu

517 2791 632 2855 inieris.
665 2790 717 2855 Ita
738 2812 811 2854 sane
833 2790 873 2855 ab
894 2790 958 2854 illis
981 2791 1193 2876 sejungeretur
1214 2790 1338 2877 Jupiter
1360 2795 1526 2858 Aetnaeus.

517 2909 677 2974 Praeterea
714 2909 836 2973 'l’elines
869 2931 977 2974 eorum
1009 2911 1146 2974 Deorum
1180 2911 1384 2977 secerdotium
1420 2911 1528 2978 habuit

518 3026 627 3091 Gelae:
650 3048 714 3091 non
737 3049 810 3112 ergo
832 3035 968 3104 constat,
985 3027 1134 3094 Gelonem
1148 3035 1233 3106 tum,
1250 3049 1347 3113 quum
1362 3029 1527 3115 Syracusas

515 3147 678 3230 migraret,
708 3143 788 3209 illud
820 3165 944 3229 quoque
975 3145 1007 3208 in
1038 3167 1105 3209 eam
1134 3145 1241 3210 urbem
1272 3146 1465 3212 transtulisse
1495 3155 1527 3212 et

514 3284 578 3327 ona
607 3284 678 3327 cum
707 3283 802 3346 regno
833 3260 1051 3347 Syracusarum
1081 3262 1168 3327 fratri
1198 3263 1326 3329 Hieroni
1352 3264 1524 3349 reliquisse.

514 3377 582 3444 Hae
612 3401 685 3464 orgo
706 3388 832 3443 manent
854 3378 1051 3444 difficultates
1073 3380 1106 3444 in
1129 3380 1326 3446 aestimandis
1349 3380 1528 3447 scholiasta-

512 3519 581 3562 rum
611 3497 651 3561 de
680 3496 826 3561 Hieronis
848 3496 1018 3561 sacerdotio
1040 3498 1234 3562 testimoniis.
1280 3499 1320 3563 lu
1342 3500 1409 3584 ipso
1432 3500 1524 3565 verbo

511 3617 649 3698 ἀμφέπει
671 3614 759 3679 nulla
781 3622 827 3679 est
848 3616 1018 3679 necessaria
1040 3616 1202 3680 sacerdotii
1218 3617 1415 3701 significatio:
1432 3619 1525 3702 signi-

511 3734 622 3797 ficatur
655 3731 783 3796 curandi
817 3733 907 3797 actio.
954 3731 1057 3816 Igitur
1089 3734 1227 3818 impensa
1254 3755 1329 3798 cura
1358 3736 1524 3820 significari

511 3849 650 3928 videtur,
678 3871 741 3934 qna
762 3851 856 3914 sacris
877 3849 1025 3914 iaciendis
1048 3850 1194 3934 festisque
1217 3850 1405 3916 celebrandis
1427 3851 1523 3918 Hiero

511 3966 668 4045 Cererem,
692 3967 923 4052 Proserpinam,
947 3965 1056 4030 Jovem
1079 3968 1253 4032 Aetnaeum
1276 3967 1415 4033 coluerit

558 4086 632 4149 162.
667 4086 755 4160 Ζηνὸς
786 4086 933 4150 Αἰτναίου.
969 4083 1144 4147 Boeclrhius
1171 4084 1329 4169 epitheton
1352 4083 1392 4148 ad
1414 4085 1521 4150 urbem

511 4205 643 4266 Aetnam
673 4203 782 4280 refert,
810 4201 850 4266 ab
872 4201 1008 4265 Hierone
1031 4201 1196 4266 conditam.
1242 4201 1445 4268 Referendnm
1469 4225 1523 4288 po

509 4320 574 4384 tius
596 4319 719 4384 videtur
740 4317 779 4383 ad
802 4325 948 4382 montem.
984 4316 1220 4382 conf.01.1v
1246 4321 1304 4396 10,
1328 4329 1359 4383 et
1382 4341 1460 4404 quae
1476 4320 1521 4386 ibi

509 4439 732 4502 annotavimus.
778 4435 852 4500 Nou
884 4442 967 4498 recto
997 4456 1070 4520 ergo
1100 4435 1275 4500 Bocckhius
1306 4436 1378 4502 hino
1409 4437 1518 4514 efficit,
