3725 5542
778 750 841 810 553

603 949 780 1027 ’ἀπήχθετο
803 951 878 1011 τοῖσι
900 947 1008 1011 θεοῖσιν.

309 1069 349 1130 at
371 1041 475 1129 noster
497 1066 547 1129 hic
569 1064 694 1148 quidem
709 1064 764 1127 illa
779 1063 881 1127 tristia
896 1062 983 1126 silet:
1001 1084 1103 1127 verum
1121 1063 1177 1129 Ist.
1195 1063 1258 1128 VII
1276 1068 1317 1129 03

528 1181 599 1248 ὅτε
622 1182 750 1262 ττεροεὶς
774 1180 870 1262 ἔρριψε
892 1180 1037 1257 Ποὶροοτος

527 1301 672 1367 &ordros
695 1300 817 1364 ἐθέλοντ’
839 1302 868 1371 ἐς
891 1301 1007 1378 οὐρανοῦ
1030 1300 1178 1377 σταθμοὺς

528 1421 629 1484 ἐλθεῖν.

309 1538 416 1601 Horat.
440 1536 476 1600 L.
501 1536 546 1600 IV
571 1535 631 1600 Od.
656 1534 704 1599 XI
727 1538 769 1599 26

531 1653 712 1740 Exemplum
737 1672 828 1738 grave
852 1652 978 1736 praebet
1001 1653 1064 1717 ales

486 1772 621 1857 Pegasus
644 1779 798 1836 terrenum
822 1771 958 1855 equitem
983 1778 1126 1855 gravatus

667 1888 946 1974 Bellerophontem.

356 2010 428 2072 181.
463 2008 512 2072 τὸν
535 2007 559 2071 δ’
581 2008 612 2071 ἒν
635 2008 808 2087 Ocharium:
847 2007 974 2071 Hesiod.
999 2006 1115 2091 Theog.
1141 2008 1206 2069 284

350 2128 397 2206 χῶ
420 2126 474 2202 μὲν
497 2125 722 2201 ἀποπτάμενος,
746 2126 890 2206 τρολοτῶν
912 2124 1006 2206 χθόνοι
1029 2125 1143 2205 μητέροι
1165 2125 1266 2203 μήλων

352 2240 423 2307 ἵκετ’
446 2244 475 2314 ἐς
498 2241 670 2314 Machaona·
693 2245 781 2318 Ζηνὸς
804 2242 828 2308 δ’
851 2246 881 2308 ἒν
903 2243 1016 2322 Macra
1040 2243 1133 2318 νοοίοι,

353 2361 475 2439 31⁰0de
496 2385 530 2425 τε
554 2362 694 2441 στεροπήν
716 2384 751 2425 τε
773 2361 867 2443 <piper
890 2362 938 2427 Ari
962 2360 1118 2439 μητιόεντι.

312 2478 405 2564 Apud
429 2481 579 2556 Aratum,
604 2478 719 2544 Phaen.
745 2481 828 2557 205,
852 2478 988 2563 Pegasus
1011 2478 1044 2542 in
1067 2476 1156 2541 astris
1180 2483 1243 2540 est:

378 2596 450 2661 ἀλλ’
472 2595 531 2676 ἄρον
552 2598 577 2661 οἱ
599 2596 650 2661 sal
672 2596 756 2678 κροοτὶ
781 2596 876 2677 πέλωρ
900 2596 1085 2671 iactitare:
1106 2596 1223 2666 Ἵππος.

312 2713 423 2799 Ibique
453 2714 618 2779 scholiasta
649 2722 793 2791 annotat,
821 2736 936 2799 equum
960 2714 1110 2798 Pegasum
1134 2736 1198 2777 esse
1222 2732 1329 2777 conse·

311 2838 446 2910 oratum,
471 2831 520 2896 rel
542 2832 624 2915 quod
649 2832 682 2895 in
705 2832 794 2895 astris
819 2832 969 2915 repositus
993 2832 1052 2909 ait,
1077 2830 1124 2894 vel
1144 2829 1228 2914 quod
1244 2828 1326 2913 Nep·

311 2958 407 3012 tonus
430 2949 519 3013 illum
536 2950 754 3033 procreaverit,
770 2948 817 3012 vel
835 2949 933 3033 quod,
949 2948 1119 3013 secundum
1135 2946 1322 3024 Hesiodum,

311 3066 428 3130 fulmen
453 3074 485 3130 et
506 3066 625 3131 tonitru
648 3066 782 3144 nutriat,
805 3067 915 3149 τρέφεν.

362 3187 434 3249 101.
468 3184 594 3265 φάτναι.
636 3184 779 3249 Refertur
800 3185 862 3249 huc
885 3208 903 3248 a
926 3183 1100 3248 scholiastis
1126 3184 1212 3246 Anat.
1237 3181 1325 3245 Dios.

313 3305 396 3381 160,
419 3305 544 3369 σκέπτεο
565 3302 616 3367 καὶ
640 3301 767 3383 Φοὶτνην.

311 3462 324 3483 .
361 3421 433 3483 100.
468 3419 538 3484 Jam
561 3419 725 3505 adipsum
749 3419 892 3483 carminis
916 3418 1109 3504 propositum
1132 3440 1164 3481 se
1187 3424 1328 3495 revocat,

312 3558 439 3621 prorsus
461 3536 602 3602 similiter
625 3546 718 3621 atqua
742 3535 793 3602 Ol.
818 3536 853 3601 II
880 3539 953 3600 100.
981 3536 1105 3614 Ῥόμβος
1129 3535 1219 3599 etiam
1237 3534 1329 3599 turbo

313 3653 444 3730 dicitur,
473 3676 576 3719 rerum
604 3654 655 3718 hio
678 3663 742 3732 est,
766 3663 802 3719 ut
825 3654 937 3730 credo,
961 3654 1052 3733 δρμή,
1077 3654 1226 3738 impetus,
1250 3652 1331 3715 vola·

310 3779 379 3834 tus:
414 3771 499 3835 velut
530 3770 585 3836 Ist.
620 3770 666 3835 IV
695 3774 737 3835 80
762 3774 860 3839 αἰετοῦ
882 3770 1008 3852 ῥόμβοςε
1033 3770 1208 3854 praesertim
1233 3790 1330 3853 quum

310 3889 444 3955 addatur
469 3890 560 3961 arihis.
607 3888 741 3975 Negatio
763 3893 795 3955 οὐ
820 3897 942 3954 tantum
966 3888 1003 3952 ad
1028 3887 1236 3969 machomaria
1260 3909 1330 3972 per-

309 4006 405 4084 tinet,
429 4028 492 4070 non
519 4007 558 4070 ad
581 4007 698 4087 ῥόμβον.

359 4127 431 4188 135.
465 4123 563 4201 littra
597 4126 756 4204 κοορτύνεον.
804 4124 939 4208 Rogare,
973 4122 1122 4207 dirigere,
1155 4121 1329 4186 collineare.

308 4244 463 4308 Convenit
487 4264 612 4329 prorsus
636 4244 781 4329 Ulysses‚
811 4244 895 4329 apud
918 4243 1013 4329 Soph.
1038 4242 1119 4307 Phil.
1148 4245 1251 4320 1059,
1277 4240 1330 4305 ubi

313 4369 418 4426 tamen
442 4363 597 4446 genitivus
621 4362 763 4440 additur,
796 4361 987 4425 Philoctetae
1010 4382 1114 4424 arcum
1142 4360 1330 4444 sagittasque

312 4479 447 4557 hahens,
471 4480 573 4565 ipsum
597 4486 700 4544 autem
723 4479 824 4543 valere
844 4478 977 4565 jubens:
