3725 5542
1002 718 1043 776 w

516 915 609 980 Oroni
634 925 682 979 est
704 916 885 1000 imperinm:
911 916 966 999 qui
989 938 1087 999 quum
1109 926 1180 981 ante
1202 918 1310 983 Jorem
1326 929 1443 983 remoto
1457 940 1534 983 aevo

516 1034 642 1097 rexisset
672 1032 792 1111 omnia,
824 1008 947 1117 sponte*
964 1033 1134 1117 longinqua
1161 1033 1407 1100 desiderantibus
1431 1045 1462 1099 et
1484 1057 1534 1099 eo

517 1150 686 1235 gitantibus
709 1150 863 1214 excitabat
885 1151 936 1214 sui
959 1151 1145 1215 memoriam.
1181 1150 1327 1216 Ceterum
1349 1152 1477 1217 Pindari
1498 1152 1532 1215 in

510 1267 682 1351 justissimo
706 1280 846 1331 aeternae
861 1268 943 1331 vitae
957 1267 1166 1332 moderamine
1180 1268 1250 1332 Diis
1264 1268 1430 1333 tribuendo
1446 1277 1533 1333 tanta

512 1392 558 1447 eet
581 1383 777 1467 simplicitas,
801 1392 838 1447 nt
861 1392 892 1447 et
915 1383 1108 1467 intelligatur
1130 1386 1197 1470 ejus
1222 1386 1376 1450 sententia
1390 1395 1421 1450 et
1436 1409 1534 1469 quan-

512 1511 619 1587 topere
643 1502 741 1565 valeat
763 1502 803 1566 ad
814 1502 957 1586 justitiae
972 1524 1105 1566 amorem
1122 1504 1320 1587 Deornmque
1334 1510 1452 1568 metum
1468 1526 1533 1567 non

512 1641 591 1703 opus
615 1620 655 1683 ait
678 1618 789 1683 dicere.
821 1619 927 1683 Unum
945 1619 1153 1704 adjungimus.
1185 1619 1305 1685 Fabula
1319 1620 1395 1697 fuit,
1420 1620 1531 1685 adore

513 1736 552 1799 de
583 1736 669 1799 coelo
696 1736 833 1801 Cronnm
856 1737 983 1821 pulsum
1006 1760 1080 1801 esse.
1128 1737 1217 1801 Nihil
1241 1738 1279 1802 de
1302 1739 1332 1801 vi
1356 1761 1391 1803 ao
1414 1739 1532 1824 proelio

513 1854 596 1938 apud
611 1852 790 1918 Pindarum.
815 1854 980 1919 Remotnm
993 1854 1088 1919 Croni
1103 1856 1281 1940 imperinm,
1298 1856 1352 1919 aed
1368 1879 1531 1941 magnum:

512 1992 613 2055 neque
637 1970 694 2033 hoo
718 1970 810 2035 habet
833 1980 976 2036 terrestre
999 1994 1145 2057 regnum,
1169 1972 1223 2036 aed
1247 1972 1344 2037 beatis
1367 1974 1532 2058 praesidet.

513 2088 573 2152 Via
596 2097 717 2166 antem,
742 2112 911 2176 perquam
937 2091 976 2155 ad
999 2092 1066 2175 ejus
1089 2113 1189 2154 arcem
1212 2090 1450 2175 perveniendum
1470 2104 1532 2167 oet,

513 2206 599 2270 Joris
624 2216 684 2283 est,
710 2207 862 2293 ejusdem,
887 2209 942 2292 qni
965 2208 1020 2272 has
1044 2209 1123 2293 regit
1138 2218 1246 2285 terrra,
1269 2209 1302 2272 in
1317 2208 1432 2291 quibus
1447 2231 1532 2273 nnnc

514 2323 639 2408 quidem
663 2346 780 2389 sumno.
817 2324 867 2389 Sic
891 2326 1016 2409 quidem
1043 2326 1212 2402 Pindarus,
1236 2327 1290 2410 qui
1313 2326 1352 2390 de
1366 2326 1435 2389 Diis
1450 2326 1532 2391 bone

514 2442 615 2507 dicere
639 2442 793 2507 hominem
816 2454 959 2528 oportere
981 2445 1120 2528 putavit,
1150 2465 1221 2509 cnm
1245 2442 1348 2507 Crono
1368 2442 1478 2508 Jovem
1500 2450 1534 2509 et

513 2572 667 2623 aeternam
691 2560 870 2625 beatitatem
892 2582 964 2625 cnm
987 2562 1051 2625 vita
1073 2561 1196 2625 mortali
1219 2561 1386 2646 copularit.

890 3200 1076 3264 CAPUT
1115 3202 1160 3266 Π.

804 3426 852 3469 DE
885 3426 1014 3470 REBUS
1046 3426 1243 3472 EUKANIS·

985 3643 1056 3724 tr,

778 3892 824 3953 De
852 3893 941 3954 leode
962 3892 1078 3954 ludim
1101 3914 1137 3954 oc
1159 3891 1272 3954 bellico.

559 4120 754 4205 Exposituris
782 4126 845 4208 jem
872 4124 997 4188 Pindari
1021 4125 1058 4188 de
1082 4124 1173 4189 rebus
1196 4125 1341 4188 humanis
1364 4127 1533 4189 sententiaa

515 4261 577 4303 non
602 4240 706 4324 potuit
728 4241 793 4305 fieri
817 4244 894 4325 quin
918 4242 1101 4307 ordiendum
1120 4243 1209 4307 nobis
1228 4242 1385 4307 videretur
1404 4265 1422 4305 a
1441 4242 1533 4307 laude

515 4359 719 4422 certaminum
750 4359 952 4425 ludicrorum.
999 4362 1106 4445 Ipsum
1137 4360 1307 4425 Pindarum
1337 4361 1443 4424 divino
1470 4361 1534 4425 fato

516 4484 654 4559 tempore
685 4476 866 4560 Pythiornm
893 4488 1001 4542 natum
1026 4502 1091 4542 esse
1114 4480 1228 4543 ferunt.
1274 4477 1414 4542 Pnerunt
1436 4480 1465 4543 ei
1488 4503 1536 4543 ao-
