3725 5542
840 736 897 793 aa!

358 938 439 1022 cepit
463 936 676 1022 pulcerrimam
702 934 803 998 dotem
829 933 1069 1019 Hippodamiae:
1093 933 1269 1015 elatumque
1286 932 1373 996 mitte

360 1056 450 1122 dulce
482 1056 579 1119 telum
610 1052 800 1137 Pythonem:
830 1052 914 1116 band
939 1052 1025 1115 irrita
1049 1050 1141 1115 verba
1163 1052 1285 1136 capies,
1310 1051 1375 1137 pul·

357 1198 427 1239 sans
462 1172 611 1238 citharam
646 1170 683 1235 de
718 1171 810 1234 luctis
846 1170 902 1233 viri
939 1194 954 1233 c
986 1170 1067 1233 clara
1098 1168 1242 1255 Opunte,
1267 1170 1374 1235 laudes
1411 1174 1451 1251 :lb

357 1293 454 1378 ipsam
487 1300 517 1357 et
548 1290 663 1354 filium:
697 1312 789 1375 quam
820 1287 945 1353 Themis
977 1289 1104 1375 ejusque
1133 1288 1196 1353 filiu
1228 1289 1373 1353 servatrix

357 1432 540 1497 magnopere
564 1408 698 1494 gloriosa
720 1406 874 1473 Eunomia
897 1408 1023 1472 sortitae
1046 1416 1137 1485 sunt,
1162 1416 1194 1472 et
1217 1430 1297 1494 quae
1311 1406 1376 1471 lan-

357 1527 447 1594 dibus
479 1528 567 1594 floret
599 1526 750 1591 Castaliae
781 1526 895 1611 pariter
927 1534 958 1590 et
989 1526 1027 1589 ad
1058 1526 1210 1590 fluentum
1243 1525 1373 1611 Alphei:
1411 1530 1451 1587 00

356 1648 438 1712 unde
469 1668 649 1711 coronarum
677 1646 766 1710 flores
790 1644 939 1709 celebrem
964 1643 1131 1709 Locrorum
1157 1645 1293 1709 evehunt
1316 1666 1376 1709 ma·

356 1773 433 1829 trem
459 1765 596 1851 pulcram
620 1764 791 1829 arboribus.
839 1762 992 1849 Equidem
1016 1762 1160 1829 dilectam
1182 1763 1288 1828 urbem
1305 1786 1373 1827 can-

356 1883 501 1948 dentibus
532 1881 663 1967 implens
696 1880 855 1958 cantibus,
886 1890 917 1945 et
948 1903 1097 1964 generoso
1122 1904 1202 1966 equo
1226 1881 1319 1945 citius
1343 1891 1373 1945 et

356 2001 437 2065 alata
468 2022 544 2064 nave
574 2001 606 2063 in
637 2022 742 2064 omues
775 2006 875 2084 partes
907 2000 1055 2063 nuncium
1088 2000 1209 2063 mittam
1233 2021 1322 2075 eum,
1348 2000 1373 2061 si

357 2143 427 2185 cum
451 2120 555 2203 aliqua
578 2140 636 2205 ope
660 2117 764 2182 divina
788 2116 935 2182 selectum
956 2118 1129 2182 Gratiarum
1149 2118 1273 2181 hortum
1290 2117 1373 2183 colo:

358 2240 427 2304 illae
458 2238 539 2303 enim
571 2236 674 2301 dulcia
704 2236 837 2301 donant:
869 2235 962 2299 fortes
994 2245 1025 2299 et
1049 2237 1200 2321 sapientes
1224 2236 1374 2302 divinitus
1411 2243 1451 2300 40

359 2368 433 2423 sunt
456 2359 605 2423 homines.
652 2356 817 2437 Quomodo
841 2357 921 2420 enim
946 2357 1092 2420 adversus
1116 2356 1281 2420 tridentem
1298 2356 1374 2420 Her·

359 2478 442 2541 cules
466 2477 583 2542 clavam
607 2486 733 2563 quatere
758 2484 901 2561 potuerat
923 2476 1086 2554 manibus,
1110 2498 1207 2561 quum
1223 2476 1304 2540 circa
1319 2476 1376 2561 Py·

361 2596 425 2662 lum
449 2604 533 2662 stans
558 2596 661 2661 feriret
676 2618 746 2660 curn
763 2594 946 2681 Neptunus,
964 2594 1128 2679 feriretque
1144 2615 1214 2659 eum
1231 2603 1375 2680 argenteo

359 2736 431 2780 arcu
462 2738 603 2801 pugnans
634 2713 767 2800 Apollo,
799 2736 855 2780 nec
879 2714 973 2778 Pluto
996 2714 1154 2779 immotam
1177 2721 1296 2779 teneret
1317 2714 1376 2779 vir·
1412 2718 1451 2777 53

360 2858 447 2919 gam,
473 2856 535 2919 qua
557 2834 692 2898 hnmana
715 2855 843 2917 corpora
866 2839 1057 2897 mortuorum
1081 2833 1113 2927 in
1130 2854 1233 2896 cavam
1250 2831 1375 2897 deducit

359 2952 462 3017 viam?
508 2952 616 3037 Abjice
647 2952 741 3029 mihi,
774 2974 825 3030 os,
850 2952 946 3016 istum
970 2973 1157 3017 sermonem:
1182 2951 1377 3037 quandoqui-

361 3070 429 3135 dem
461 3069 641 3135 maledicere
665 3070 733 3135 Diis
757 3069 863 3134 odiosa
886 3070 1037 3155 sapientia
1059 3078 1123 3149 est,
1147 3078 1178 3134 et
1200 3071 1375 3155 importune

358 3188 483 3273 gloriari
518 3188 655 3253 insaniae
690 3188 843 3252 convenit.
890 3186 940 3252 Ne
978 3187 1075 3273 igitur
1108 3187 1246 3273 loquaris
1280 3188 1373 3266 talia3
1411 3191 1452 3251 00

356 3306 463 3391 linque
493 3306 607 3372 bellum
638 3329 835 3393 pugnamque
858 3328 980 3371 omnem
1005 3306 1113 3393 procul
1137 3306 1175 3371 ab
1197 3307 1376 3372 immortali·

359 3425 432 3491 bus:
461 3426 515 3490 sed
539 3426 583 3489 fer
606 3424 742 3510 linguam
771 3424 838 3490 urbi
863 3424 1083 3509 Protogeniae,
1108 3424 1163 3490 ubi
1186 3426 1250 3489 fato
1274 3425 1376 3490 fulmi-

358 3546 460 3608 nantis
490 3544 576 3607 Jovis
606 3544 723 3628 Pyrrha
754 3566 789 3608 ac
821 3544 1011 3621 Deucalion,
1043 3565 1139 3628 quum
1163 3543 1201 3607 de
1224 3542 1375 3608 Parnasso

359 3662 605 3741 descendissent,
635 3663 763 3747 primam
794 3669 965 3747 posuerunt
996 3660 1138 3739 domum,
1163 3669 1194 3724 et
1216 3663 1281 3726 sine
1305 3671 1372 3725 toro

357 3780 537 3868 popularem
561 3780 619 3845 sibi
643 3781 726 3845 nacti
750 3790 822 3845 sunt
845 3780 998 3865 lapideam
1022 3779 1153 3866 prolem:
1175 3788 1204 3844 et
1221 3802 1256 3843 ea
1272 3779 1372 3865 proles
1409 3785 1448 3845 ἳο

358 3900 413 3965 Lai
439 3900 537 3964 vocati
562 3908 644 3963 eunt.
689 3899 798 3964 Excita
816 3901 855 3963 iis
875 3900 1019 3964 carminis
1034 3897 1198 3963 melodiam
1214 3921 1372 3975 sonoram,

356 4019 450 4082 landa
473 4026 560 4083 vetus
585 4018 708 4103 quidem
733 4018 856 4096 vinum,
880 4017 932 4081 sed
957 4018 1047 4082 fiores
1067 4018 1252 4103 hymnorum
1272 4040 1373 4081 recen-

357 4137 480 4201 tiorum.
530 4137 627 4222 lljunt
661 4136 780 4221 nigram
813 4144 922 4200 terram
958 4134 1124 4199 inundasse
1159 4157 1258 4220 aquae
1291 4136 1371 4215 vim,

357 4254 410 4319 sed
441 4254 526 4318 Joris
559 4263 622 4318 arte
655 4262 777 4351 repente
809 4278 840 4319 se
872 4253 1075 4340 recollegisse.
1123 4252 1170 4316 Ex
1200 4252 1372 4318 illiserunt

356 4372 494 4437 bellicosi
525 4373 615 4436 vestri
647 4374 793 4457 majores,
818 4373 855 4438 ab
879 4372 968 4437 initio
992 4372 1048 4436 filii
1071 4370 1244 4457 puellarum
1268 4372 1369 4456 gentis
1407 4377 1447 4437 80

355 4488 560 4575 Japetionidis
592 4499 622 4554 et
654 4492 936 4575 potentissimorum
965 4490 1184 4565 Crouidarum,
1209 4489 1371 4575 indigenae

1213 4612 1249 4666 lu
