3725 5542
847 702 909 761 239

370 900 589 965 immortalium
623 898 702 963 harre
733 920 854 983 qnoque
883 900 959 963 mori
990 899 1133 963 vallatam
1159 909 1267 964 terram
1292 900 1388 964 omui·

373 1020 460 1103 genis
484 1017 614 1103 subjecit
640 1016 813 1102 hospitibus
837 1016 1011 1081 columnam
1032 1018 1170 1082 fatalem:
1188 1056 1232 1067 -
1249 1027 1388 1103 tempus,

373 1138 455 1222 quod
480 1158 571 1223 porro
595 1137 711 1213 oritur,
736 1135 769 1200 id
793 1136 890 1200 facere
909 1160 947 1200 ne
964 1146 1077 1200 cesset:
1094 1137 1269 1201 —Dorico
1286 1159 1391 1221 regna

372 1266 434 1320 tam
458 1256 574 1342 populo
598 1255 670 1319 inde
693 1255 731 1321 ab
755 1258 874 1320 Aeaco:
900 1276 992 1339 quem
1016 1254 1098 1320 filius
1121 1254 1258 1320 Latonae
1284 1264 1315 1318 et
1331 1255 1391 1319 late
1426 1257 1468 1316 40

374 1381 482 1461 potens
504 1372 689 1459 Neptunus,
714 1394 811 1459 quum
828 1372 887 1437 Ilio
903 1394 1048 1437 coronam
1065 1372 1254 1437 adstructuri
1272 1383 1389 1450 esseut,

374 1500 523 1557 vocarunt
546 1492 702 1557 moenium
726 1491 934 1555 faciendorum
959 1492 1096 1569 socium,
1114 1493 1187 1576 quia
1203 1491 1294 1555 fatale
1311 1499 1390 1569 erat,

376 1610 466 1689 haec,
499 1633 595 1695 quum
627 1609 708 1673 bella
737 1611 907 1689 orirentur,
932 1612 965 1674 in
990 1610 1114 1695 proeliis
1138 1609 1253 1695 oppida
1277 1619 1394 1673 vasten·
1483 1690 1499 1720 a

375 1730 459 1795 tibus
482 1730 690 1794 vehementem
709 1730 862 1813 exspirare
878 1729 1007 1793 fumum.
1047 1728 1135 1793 Flavi
1151 1751 1222 1794 vero
1239 1741 1396 1813 serpentes

375 1856 437 1912 tres
468 1848 507 1912 ad
537 1849 645 1913 turrim
679 1847 875 1925 adsilienteS,
900 1870 997 1931 quum
1022 1856 1101 1911 esset
1124 1845 1248 1911 condita
1272 1869 1392 1924 recens,
1431 1850 1472 1909 50

375 1967 438 2031 duo
469 1966 594 2052 quidem
621 1965 801 2031 deciderunt
825 1974 855 2029 et
879 1966 985 2030 statim
1009 1965 1175 2051 stupefacti
1200 1965 1316 2029 animas
1341 1965 1396 2029 mi·

376 2092 499 2149 serunt:
527 2108 606 2149 unus
630 2106 701 2149 vero
725 2084 882 2169 ingressus
906 2093 954 2149 est
976 2084 1122 2149 clamans.
1162 2082 1320 2168 Explicuit
1343 2083 1395 2147 ob-

378 2204 458 2267 viam
487 2202 654 2288 procedens
686 2203 834 2266 contiuuo
866 2210 1038 2266 monstrum
1071 2200 1203 2286 Apollo:
1228 2202 1396 2286 Pergamus

377 2324 409 2386 in
441 2330 513 2398 tua,
547 2321 653 2398 heros,
686 2342 795 2385 manus
827 2342 919 2405 opera
951 2321 1089 2405 capitur:
1123 2321 1167 2385 sic
1197 2319 1274 2385 mihi
1303 2318 1396 2397 dicit,

378 2438 461 2523 quod
486 2439 562 2503 mihi
585 2439 738 2517 mittitur,
755 2446 926 2503 monstrum
944 2438 1097 2503 Oronidae
1112 2440 1246 2523 graviter
1261 2440 1398 2503 tonantis

377 2557 480 2621 Jovis:
514 2580 575 2622 non
599 2559 664 2621 sine
689 2558 794 2623 liberis
817 2560 898 2635 tuis,
923 2558 976 2622 sed
1001 2558 1093 2623 simul
1116 2581 1186 2622 cum
1210 2558 1316 2644 primis
1341 2557 1395 2621 illa
1431 2560 1473 2619 60

378 2678 493 2739 eversio
524 2677 666 2761 incipiet,
696 2685 727 2740 et
750 2700 768 2740 a
791 2678 909 2761 quartis
934 2678 1083 2763 capietur.
1131 2676 1181 2740 Sic
1206 2676 1290 2740 Deus
1314 2675 1395 2739 clare

379 2795 502 2858 loeutus
524 2794 561 2859 ad
581 2794 741 2860 Xanthum
758 2796 934 2881 properavit
950 2817 1041 2859 cursu
1058 2803 1089 2859 et
1106 2797 1275 2858 Amazonas
1292 2816 1398 2879 eques·

379 2920 440 2976 tres
473 2920 503 2977 et
534 2913 571 2976 ad
600 2914 725 2978 Istrum.
773 2912 877 2977 Motor
901 2912 1043 2977 tridentis
1067 2912 1106 2976 ad
1129 2912 1283 2977 Isthmum
1310 2913 1400 2976 mari·

380 3053 454 3095 num
481 3032 612 3096 tetendit
644 3054 767 3097 currum
799 3032 945 3110 celerem,
977 3031 1140 3096 demittens
1176 3033 1312 3096 Aeacum
1337 3032 1398 3096 huc

381 3171 473 3214 curru
502 3166 612 3229 aureo,
637 3157 667 3214 et
691 3150 731 3214 ad
754 3150 897 3215 Corinthi
921 3150 1054 3228 collum,
1080 3150 1202 3214 visurus
1225 3149 1332 3234 epulas
1356 3172 1402 3213 ce·

381 3266 489 3332 lebres.
537 3258 645 3332 Dulcis
677 3290 725 3333 res
760 3267 847 3333 nulla
883 3268 1021 3353 aequalis
1058 3268 1115 3331 erit
1150 3269 1183 3332 in
1213 3266 1401 3332 hominibus.
1439 3269 1478 3332 70

383 3384 503 3464 Quodsi
537 3409 594 3470 ego
625 3385 770 3451 Melesiae
794 3408 831 3451 ex
855 3386 1046 3452 imberbibus
1070 3385 1198 3471 gloriam
1222 3394 1403 3471 persecutus

384 3526 451 3568 sum
482 3506 629 3583 carmine,
662 3528 699 3569 ne
732 3506 821 3569 feriat
851 3527 899 3569 me
931 3527 1004 3569 saxo
1037 3526 1144 3590 aspero
1176 3504 1307 3568 invidia:
1332 3527 1403 3568 nam

385 3622 477 3685 etiam
501 3622 634 3687 Nemeae
659 3622 799 3687 dicturus
823 3644 892 3687 sum
915 3622 997 3686 idem
1022 3622 1135 3699 decus,
1161 3630 1191 3686 et
1216 3634 1320 3707 postea
1344 3644 1406 3686 ccr-

385 3750 485 3805 tamen
518 3740 671 3817 virorum,
703 3764 719 3803 e
750 3741 916 3826 pancratio.
965 3740 1129 3804 Enimvero
1153 3739 1269 3805 discere
1292 3741 1402 3805 scienti

385 3859 504 3923 lucilius
528 3868 590 3923 est:
616 3858 827 3923 inconsultum
844 3867 890 3922 est
906 3879 969 3922 non
985 3866 1075 3922 antea
1091 3858 1197 3921 fecisse
1214 3857 1400 3942 periculum:
1438 3864 1479 3923 80

385 3977 480 4041 levior
511 3979 590 4042 enim
623 3978 853 4063 inexpertorum
884 3999 970 4041 mens
1002 3984 1057 4040 est.
1106 3974 1147 4038 lu
1179 3997 1215 4038 ea
1238 3997 1329 4060 opera
1351 3977 1405 4041 ille

386 4095 536 4160 efficacius
560 4095 660 4161 dicere
684 4097 781 4180 possit
804 4117 896 4180 quam
921 4094 990 4173 alii,
1016 4093 1070 4180 qui
1094 4093 1203 4157 modus
1224 4094 1321 4157 virum
1338 4116 1406 4178 pro·

386 4222 530 4278 vecturus
562 4216 619 4289 sit,
654 4236 670 4277 e
702 4214 814 4277 sanctis
845 4212 1065 4278 certaminibus
1094 4212 1229 4275 laturum
1253 4212 1406 4296 optatissi-

387 4354 467 4396 mam
499 4332 638 4417 glorium.
686 4332 779 4395 Nunc
811 4331 935 4415 quidem
964 4334 991 4396 ei
1016 4332 1109 4396 decus
1133 4337 1180 4395 est
1203 4328 1403 4411 Alcimedon,

387 4453 545 4517 victoriam
577 4453 699 4537 capiens
731 4452 930 4516 tricesimam:
960 4452 1014 4535 qui
1037 4450 1119 4513 felici
1143 4456 1224 4513 sorte
1247 4447 1325 4527 Dei,
1349 4474 1406 4515 nec
