<?xml version="1.0" encoding="UTF-8"?>
<!DOCTYPE html PUBLIC "-//W3C//DTD XHTML 1.0 Transitional//EN"
    "http://www.w3.org/TR/xhtml1/DTD/xhtml1-transitional.dtd">
<html xmlns="http://www.w3.org/1999/xhtml" xml:lang="en" lang="en">
 <head>
  <title>
</title>
<meta http-equiv="Content-Type" content="text/html;charset=utf-8" />
  <meta name='ocr-system' content='tesseract 3.04.00' />
  <meta name='ocr-capabilities' content='ocr_page ocr_carea ocr_par ocr_line ocrx_word'/>
</head>
<body>
  <div class='ocr_page' id='page_1' title='image "./pindaricarminao01pindgoog_0423.png"; bbox 0 0 3725 5542; ppageno 0'>
   <div class='ocr_carea' id='block_1_1' title="bbox 825 745 889 806">
    <p class='ocr_par' dir='ltr' id='par_1_1' title="bbox 825 745 889 806">
     <span class='ocr_line' id='line_1_1' title="bbox 825 745 889 806; baseline 0 0"><span class='ocrx_word' id='word_1_1' title='bbox 825 745 889 806; x_wconf 74' lang='lat'>409</span> 
     </span>
    </p>
   </div>
   <div class='ocr_carea' id='block_1_2' title="bbox 348 935 1369 4070">
    <p class='ocr_par' dir='ltr' id='par_1_2' title="bbox 350 935 1369 1254">
     <span class='ocr_line' id='line_1_2' title="bbox 353 935 1369 1029; baseline -0.009 -21"><span class='ocrx_word' id='word_1_2' title='bbox 353 949 434 1021; x_wconf 78' lang='grc'><strong>551,</strong></span> <span class='ocrx_word' id='word_1_3' title='bbox 459 945 519 1011; x_wconf 95' lang='lat' dir='ltr'>Od.</span> <span class='ocrx_word' id='word_1_4' title='bbox 543 946 591 1010; x_wconf 85' lang='lat' dir='ltr'>IV</span> <span class='ocrx_word' id='word_1_5' title='bbox 616 950 675 1023; x_wconf 78' lang='grc'>66,</span> <span class='ocrx_word' id='word_1_6' title='bbox 702 949 776 1010; x_wconf 74' lang='lat'><strong>525.</strong></span> <span class='ocrx_word' id='word_1_7' title='bbox 822 946 905 1029; x_wconf 77' lang='lat' dir='ltr'>Ergo</span> <span class='ocrx_word' id='word_1_8' title='bbox 928 944 988 1009; x_wconf 73' lang='lat' dir='ltr'>atad</span> <span class='ocrx_word' id='word_1_9' title='bbox 1010 944 1124 1023; x_wconf 74' lang='grc' dir='ltr'><strong><em>χειρὸς,</em></strong></span> <span class='ocrx_word' id='word_1_10' title='bbox 1151 961 1247 1026; x_wconf 84' lang='lat' dir='ltr'>quum</span> <span class='ocrx_word' id='word_1_11' title='bbox 1271 935 1369 1021; x_wconf 84' lang='lat' dir='ltr'>adjec-</span> 
     </span>
     <span class='ocr_line' id='line_1_3' title="bbox 350 1055 1367 1148; baseline -0.008 -24"><span class='ocrx_word' id='word_1_12' title='bbox 350 1063 450 1125; x_wconf 86' lang='lat' dir='ltr'>tivum</span> <span class='ocrx_word' id='word_1_13' title='bbox 480 1064 624 1138; x_wconf 70' lang='grc' dir='ltr'><strong><em>ἀφνειᾶς,</em></strong></span> <span class='ocrx_word' id='word_1_14' title='bbox 656 1062 695 1126; x_wconf 89' lang='lat' dir='ltr'>de</span> <span class='ocrx_word' id='word_1_15' title='bbox 726 1084 789 1148; x_wconf 86' lang='lat' dir='ltr'>quo</span> <span class='ocrx_word' id='word_1_16' title='bbox 820 1061 912 1127; x_wconf 91' lang='lat' dir='ltr'>modo</span> <span class='ocrx_word' id='word_1_17' title='bbox 941 1059 1163 1144; x_wconf 80' lang='lat' dir='ltr'><strong>explicuimus,</strong></span> <span class='ocrx_word' id='word_1_18' title='bbox 1188 1055 1367 1140; x_wconf 71' lang='lat' dir='ltr'>adjunctum</span> 
     </span>
     <span class='ocr_line' id='line_1_4' title="bbox 352 1177 869 1254; baseline 0 -13"><span class='ocrx_word' id='word_1_19' title='bbox 352 1177 481 1254; x_wconf 77' lang='lat' dir='ltr'>habeat,</span> <span class='ocrx_word' id='word_1_20' title='bbox 506 1178 631 1242; x_wconf 92' lang='lat' dir='ltr'>minime</span> <span class='ocrx_word' id='word_1_21' title='bbox 654 1178 788 1243; x_wconf 84' lang='lat' dir='ltr'>otiosum</span> <span class='ocrx_word' id='word_1_22' title='bbox 812 1187 869 1242; x_wconf 87' lang='lat' dir='ltr'>eet.</span> 
     </span>
    </p>

    <p class='ocr_par' dir='ltr' id='par_1_3' title="bbox 352 1286 1366 1495">
     <span class='ocr_line' id='line_1_5' title="bbox 396 1286 1366 1374; baseline -0.008 -16"><span class='ocrx_word' id='word_1_23' title='bbox 396 1297 427 1358; x_wconf 81' lang='lat'>3.</span> <span class='ocrx_word' id='word_1_24' title='bbox 462 1294 677 1374; x_wconf 67' lang='grc' dir='ltr'>καχλάζοισαν.</span> <span class='ocrx_word' id='word_1_25' title='bbox 714 1295 825 1359; x_wconf 83' lang='lat' dir='ltr'>Aesoh.</span> <span class='ocrx_word' id='word_1_26' title='bbox 849 1294 880 1358; x_wconf 86' lang='lat' dir='ltr'>S.</span> <span class='ocrx_word' id='word_1_27' title='bbox 905 1317 931 1358; x_wconf 84' lang='lat' dir='ltr'>o.</span> <span class='ocrx_word' id='word_1_28' title='bbox 950 1293 1007 1356; x_wconf 74' lang='lat' dir='ltr'>Th.</span> <span class='ocrx_word' id='word_1_29' title='bbox 1028 1295 1090 1356; x_wconf 88' lang='grc'>116</span> <span class='ocrx_word' id='word_1_30' title='bbox 1106 1297 1190 1367; x_wconf 79' lang='grc' dir='ltr'><strong><em>κῦμα</em></strong></span> <span class='ocrx_word' id='word_1_31' title='bbox 1204 1286 1366 1368; x_wconf 68' lang='grc' dir='ltr'><strong><em>καχλάζει.</em></strong></span> 
     </span>
     <span class='ocr_line' id='line_1_6' title="bbox 352 1408 1041 1495; baseline 0 -23"><span class='ocrx_word' id='word_1_32' title='bbox 352 1408 400 1473; x_wconf 84' lang='lat' dir='ltr'>Of.</span> <span class='ocrx_word' id='word_1_33' title='bbox 424 1409 475 1474; x_wconf 90' lang='lat' dir='ltr'>Ol.</span> <span class='ocrx_word' id='word_1_34' title='bbox 500 1410 548 1473; x_wconf 92' lang='lat' dir='ltr'>IX</span> <span class='ocrx_word' id='word_1_35' title='bbox 572 1413 591 1474; x_wconf 81' lang='lat'><strong>3</strong></span> <span class='ocrx_word' id='word_1_36' title='bbox 615 1411 722 1495; x_wconf 80' lang='lat' dir='ltr'>ibique</span> <span class='ocrx_word' id='word_1_37' title='bbox 746 1411 904 1475; x_wconf 84' lang='lat' dir='ltr'>annotetio</span> <span class='ocrx_word' id='word_1_38' title='bbox 926 1417 1041 1474; x_wconf 82' lang='lat' dir='ltr'>nostre.</span> 
     </span>
    </p>

    <p class='ocr_par' dir='ltr' id='par_1_4' title="bbox 353 1521 1366 1708">
     <span class='ocr_line' id='line_1_7' title="bbox 397 1521 1366 1606; baseline -0.007 -17"><span class='ocrx_word' id='word_1_39' title='bbox 397 1532 428 1590; x_wconf 81' lang='lat'>4.</span> <span class='ocrx_word' id='word_1_40' title='bbox 463 1526 627 1606; x_wconf 69' lang='grc' dir='ltr'><strong><em>δωρήσεται.</em></strong></span> <span class='ocrx_word' id='word_1_41' title='bbox 664 1527 780 1591; x_wconf 75' lang='lat' dir='ltr'>Similis</span> <span class='ocrx_word' id='word_1_42' title='bbox 802 1527 901 1592; x_wconf 84' lang='lat' dir='ltr'>futuri</span> <span class='ocrx_word' id='word_1_43' title='bbox 923 1548 999 1590; x_wconf 83' lang='lat' dir='ltr'>nsua</span> <span class='ocrx_word' id='word_1_44' title='bbox 1024 1533 1070 1590; x_wconf 77' lang='lat' dir='ltr'>eat</span> <span class='ocrx_word' id='word_1_45' title='bbox 1092 1525 1124 1588; x_wconf 89' lang='lat' dir='ltr'>in</span> <span class='ocrx_word' id='word_1_46' title='bbox 1141 1521 1366 1606; x_wconf 73' lang='lat' dir='ltr'>comparatione</span> 
     </span>
     <span class='ocr_line' id='line_1_8' title="bbox 353 1643 628 1708; baseline 0.007 -2"><span class='ocrx_word' id='word_1_47' title='bbox 353 1643 445 1707; x_wconf 87' lang='lat' dir='ltr'>Hom.</span> <span class='ocrx_word' id='word_1_48' title='bbox 469 1643 509 1708; x_wconf 88' lang='lat' dir='ltr'>Il.</span> <span class='ocrx_word' id='word_1_49' title='bbox 533 1643 563 1705; x_wconf 80' lang='lat' dir='ltr'><strong>V</strong></span> <span class='ocrx_word' id='word_1_50' title='bbox 586 1648 628 1708; x_wconf 82' lang='lat'>90</span> 
     </span>
    </p>

    <p class='ocr_par' dir='ltr' id='par_1_5' title="bbox 394 1759 1066 1842">
     <span class='ocr_line' id='line_1_9' title="bbox 394 1759 1066 1842; baseline -0.001 -17"><span class='ocrx_word' id='word_1_51' title='bbox 394 1761 455 1825; x_wconf 69' lang='grc' dir='ltr'>οὔτ’</span> <span class='ocrx_word' id='word_1_52' title='bbox 479 1759 540 1840; x_wconf 77' lang='grc' dir='ltr'>ἄρα</span> <span class='ocrx_word' id='word_1_53' title='bbox 564 1761 650 1842; x_wconf 79' lang='grc' dir='ltr'><strong><em>ἕρκεα</em></strong></span> <span class='ocrx_word' id='word_1_54' title='bbox 671 1760 752 1841; x_wconf 71' lang='grc' dir='ltr'><strong><em>ἴσχει</em></strong></span> <span class='ocrx_word' id='word_1_55' title='bbox 775 1759 897 1825; x_wconf 67' lang='grc' dir='ltr'><strong><em>ἀλωάων</em></strong></span> <span class='ocrx_word' id='word_1_56' title='bbox 919 1759 1066 1840; x_wconf 70' lang='grc' dir='ltr'><strong><em>ἐριθηλέων</em></strong></span> 
     </span>
    </p>

    <p class='ocr_par' dir='ltr' id='par_1_6' title="bbox 355 1872 1329 2054">
     <span class='ocr_line' id='line_1_10' title="bbox 395 1872 1329 1961; baseline 0.003 -21"><span class='ocrx_word' id='word_1_57' title='bbox 395 1877 504 1942; x_wconf 73' lang='grc' dir='ltr'>ἐλθόντ’</span> <span class='ocrx_word' id='word_1_58' title='bbox 526 1876 664 1954; x_wconf 70' lang='grc' dir='ltr'>ἐξαπίνης</span> <span class='ocrx_word' id='word_1_59' title='bbox 689 1879 867 1961; x_wconf 72' lang='grc' dir='ltr'>(παταριὸν),</span> <span class='ocrx_word' id='word_1_60' title='bbox 889 1875 933 1942; x_wconf 61' lang='grc' dir='ltr'>ὅτ’</span> <span class='ocrx_word' id='word_1_61' title='bbox 957 1875 1098 1956; x_wconf 75' lang='grc' dir='ltr'><strong><em>ἐπιβρίσει</em></strong></span> <span class='ocrx_word' id='word_1_62' title='bbox 1122 1874 1189 1946; x_wconf 78' lang='grc' dir='ltr'><strong><em>Διὸς</em></strong></span> <span class='ocrx_word' id='word_1_63' title='bbox 1211 1872 1329 1952; x_wconf 70' lang='grc' dir='ltr'><strong><em>ὄμβρος.</em></strong></span> 
     </span>
     <span class='ocr_line' id='line_1_11' title="bbox 355 1994 415 2054; baseline 0 0"><span class='ocrx_word' id='word_1_64' title='bbox 355 1994 415 2054; x_wconf 84' lang='grc'>161</span> 
     </span>
    </p>

    <p class='ocr_par' dir='ltr' id='par_1_7' title="bbox 482 2106 1212 2306">
     <span class='ocr_line' id='line_1_12' title="bbox 483 2106 1212 2191; baseline -0.003 -18"><span class='ocrx_word' id='word_1_65' title='bbox 483 2112 520 2182; x_wconf 76' lang='grc' dir='ltr'>ὥς</span> <span class='ocrx_word' id='word_1_66' title='bbox 544 2110 574 2174; x_wconf 77' lang='grc' dir='ltr'>δὲ</span> <span class='ocrx_word' id='word_1_67' title='bbox 596 2111 667 2175; x_wconf 77' lang='grc' dir='ltr'><strong><em>λέων</em></strong></span> <span class='ocrx_word' id='word_1_68' title='bbox 690 2114 719 2176; x_wconf 77' lang='grc' dir='ltr'>ἐν</span> <span class='ocrx_word' id='word_1_69' title='bbox 741 2111 825 2189; x_wconf 75' lang='grc' dir='ltr'><strong><em>βουσὶ</em></strong></span> <span class='ocrx_word' id='word_1_70' title='bbox 851 2112 932 2190; x_wconf 75' lang='grc' dir='ltr'><strong><em>θορὼν</em></strong></span> <span class='ocrx_word' id='word_1_71' title='bbox 956 2109 988 2187; x_wconf 78' lang='grc' dir='ltr'>ἐξ</span> <span class='ocrx_word' id='word_1_72' title='bbox 1011 2109 1128 2191; x_wconf 72' lang='grc' dir='ltr'><strong><em>αὐχένα</em></strong></span> <span class='ocrx_word' id='word_1_73' title='bbox 1148 2106 1212 2184; x_wconf 74' lang='grc' dir='ltr'><strong><em>ἄξει</em></strong></span> 
     </span>
     <span class='ocr_line' id='line_1_13' title="bbox 482 2228 753 2306; baseline 0.004 -14"><span class='ocrx_word' id='word_1_74' title='bbox 482 2228 595 2304; x_wconf 81' lang='grc' dir='ltr'><strong><em>πδρτινς</em></strong></span> <span class='ocrx_word' id='word_1_75' title='bbox 619 2229 650 2303; x_wconf 69' lang='lat' dir='ltr'>rt</span> <span class='ocrx_word' id='word_1_76' title='bbox 673 2228 753 2306; x_wconf 74' lang='grc' dir='ltr'><strong><em>βιός.</em></strong></span> 
     </span>
    </p>

    <p class='ocr_par' dir='ltr' id='par_1_8' title="bbox 348 2342 1363 2666">
     <span class='ocr_line' id='line_1_14' title="bbox 396 2342 1360 2427; baseline -0.001 -22"><span class='ocrx_word' id='word_1_77' title='bbox 396 2345 425 2407; x_wconf 83' lang='lat'>5.</span> <span class='ocrx_word' id='word_1_78' title='bbox 460 2344 611 2424; x_wconf 74' lang='grc' dir='ltr'><strong><em>προπίνων.</em></strong></span> <span class='ocrx_word' id='word_1_79' title='bbox 645 2344 781 2410; x_wconf 82' lang='lat' dir='ltr'>Verbum</span> <span class='ocrx_word' id='word_1_80' title='bbox 798 2345 857 2409; x_wconf 92' lang='lat' dir='ltr'>hoo</span> <span class='ocrx_word' id='word_1_81' title='bbox 872 2347 965 2410; x_wconf 85' lang='lat' dir='ltr'>etiam</span> <span class='ocrx_word' id='word_1_82' title='bbox 980 2345 1020 2409; x_wconf 86' lang='lat' dir='ltr'>de</span> <span class='ocrx_word' id='word_1_83' title='bbox 1035 2343 1200 2408; x_wconf 79' lang='lat' dir='ltr'>donatione</span> <span class='ocrx_word' id='word_1_84' title='bbox 1216 2342 1360 2427; x_wconf 86' lang='lat' dir='ltr'>ponitur,</span> 
     </span>
     <span class='ocr_line' id='line_1_15' title="bbox 348 2458 1363 2547; baseline 0 -26"><span class='ocrx_word' id='word_1_85' title='bbox 348 2465 380 2522; x_wconf 86' lang='lat' dir='ltr'>et</span> <span class='ocrx_word' id='word_1_86' title='bbox 411 2459 458 2522; x_wconf 80' lang='lat' dir='ltr'>vel</span> <span class='ocrx_word' id='word_1_87' title='bbox 488 2459 527 2524; x_wconf 86' lang='lat' dir='ltr'>de</span> <span class='ocrx_word' id='word_1_88' title='bbox 557 2461 749 2546; x_wconf 90' lang='lat' dir='ltr'>proditione,</span> <span class='ocrx_word' id='word_1_89' title='bbox 781 2463 867 2527; x_wconf 85' lang='lat' dir='ltr'>velut</span> <span class='ocrx_word' id='word_1_90' title='bbox 896 2461 1005 2547; x_wconf 78' lang='lat' dir='ltr'>Eurip.</span> <span class='ocrx_word' id='word_1_91' title='bbox 1036 2461 1128 2526; x_wconf 79' lang='lat' dir='ltr'>Rhea.</span> <span class='ocrx_word' id='word_1_92' title='bbox 1156 2462 1221 2524; x_wconf 76' lang='lat'>402</span> <span class='ocrx_word' id='word_1_93' title='bbox 1246 2458 1363 2522; x_wconf 77' lang='lat' dir='ltr'>Hector</span> 
     </span>
     <span class='ocr_line' id='line_1_16' title="bbox 349 2576 994 2666; baseline 0.005 -26"><span class='ocrx_word' id='word_1_94' title='bbox 349 2576 452 2642; x_wconf 79' lang='lat' dir='ltr'>Rheso</span> <span class='ocrx_word' id='word_1_95' title='bbox 476 2601 577 2644; x_wconf 81' lang='lat' dir='ltr'>aerum</span> <span class='ocrx_word' id='word_1_96' title='bbox 601 2579 767 2646; x_wconf 84' lang='lat' dir='ltr'>adventum</span> <span class='ocrx_word' id='word_1_97' title='bbox 790 2580 994 2666; x_wconf 76' lang='lat' dir='ltr'>exprobrans:</span> 
     </span>
    </p>

    <p class='ocr_par' dir='ltr' id='par_1_9' title="bbox 348 2695 1364 4070">
     <span class='ocr_line' id='line_1_17' title="bbox 524 2695 1176 2777; baseline -0.002 -16"><span class='ocrx_word' id='word_1_98' title='bbox 524 2696 668 2771; x_wconf 75' lang='grc' dir='ltr'><strong><em>Ἕλλησιν</em></strong></span> <span class='ocrx_word' id='word_1_99' title='bbox 692 2700 772 2774; x_wconf 66' lang='grc' dir='ltr'>ἡμᾶς</span> <span class='ocrx_word' id='word_1_100' title='bbox 795 2697 932 2777; x_wconf 75' lang='grc' dir='ltr'><strong><em>προῦπιες</em></strong></span> <span class='ocrx_word' id='word_1_101' title='bbox 955 2697 989 2762; x_wconf 71' lang='grc' dir='ltr'>τὸ</span> <span class='ocrx_word' id='word_1_102' title='bbox 1012 2697 1061 2761; x_wconf 75' lang='grc' dir='ltr'>τὸν</span> <span class='ocrx_word' id='word_1_103' title='bbox 1082 2695 1176 2776; x_wconf 72' lang='grc' dir='ltr'><strong><em>μέρος.</em></strong></span> 
     </span>
     <span class='ocr_line' id='line_1_18' title="bbox 348 2810 1361 2900; baseline -0.001 -26"><span class='ocrx_word' id='word_1_104' title='bbox 348 2810 387 2875; x_wconf 90' lang='lat' dir='ltr'>In</span> <span class='ocrx_word' id='word_1_105' title='bbox 410 2812 536 2876; x_wconf 81' lang='lat' dir='ltr'>echoliie</span> <span class='ocrx_word' id='word_1_106' title='bbox 558 2813 713 2878; x_wconf 83' lang='lat' dir='ltr'>veteribus</span> <span class='ocrx_word' id='word_1_107' title='bbox 736 2815 899 2900; x_wconf 74' lang='lat' dir='ltr'>explicatio</span> <span class='ocrx_word' id='word_1_108' title='bbox 923 2821 970 2878; x_wconf 87' lang='lat' dir='ltr'>est</span> <span class='ocrx_word' id='word_1_109' title='bbox 992 2813 1180 2894; x_wconf 71' lang='grc' dir='ltr'>χαρίζεσθαι,</span> <span class='ocrx_word' id='word_1_110' title='bbox 1205 2810 1361 2888; x_wconf 73' lang='grc' dir='ltr'><strong><em>δωρεῖσθαι.</em></strong></span> 
     </span>
     <span class='ocr_line' id='line_1_19' title="bbox 349 2925 1364 3016; baseline -0.003 -25"><span class='ocrx_word' id='word_1_111' title='bbox 349 2927 466 2992; x_wconf 87' lang='lat' dir='ltr'>Verum</span> <span class='ocrx_word' id='word_1_112' title='bbox 493 2931 617 3015; x_wconf 89' lang='lat' dir='ltr'>propria</span> <span class='ocrx_word' id='word_1_113' title='bbox 639 2931 825 3016; x_wconf 87' lang='lat' dir='ltr'>propinandi</span> <span class='ocrx_word' id='word_1_114' title='bbox 848 2931 1033 3016; x_wconf 79' lang='lat' dir='ltr'>significatio</span> <span class='ocrx_word' id='word_1_115' title='bbox 1057 2953 1075 2993; x_wconf 86' lang='lat' dir='ltr'>e</span> <span class='ocrx_word' id='word_1_116' title='bbox 1097 2929 1244 2994; x_wconf 84' lang='lat' dir='ltr'>Cicerone</span> <span class='ocrx_word' id='word_1_117' title='bbox 1267 2925 1364 3010; x_wconf 84' lang='lat' dir='ltr'>expri-</span> 
     </span>
     <span class='ocr_line' id='line_1_20' title="bbox 349 3043 1363 3113; baseline -0.002 -6"><span class='ocrx_word' id='word_1_118' title='bbox 349 3045 444 3108; x_wconf 85' lang='lat' dir='ltr'>mitur</span> <span class='ocrx_word' id='word_1_119' title='bbox 472 3044 563 3110; x_wconf 77' lang='lat' dir='ltr'>Tmo.</span> <span class='ocrx_word' id='word_1_120' title='bbox 595 3048 613 3111; x_wconf 94' lang='lat' dir='ltr'>I</span> <span class='ocrx_word' id='word_1_121' title='bbox 636 3050 697 3112; x_wconf 77' lang='lat' dir='ltr'>to:</span> <span class='ocrx_word' id='word_1_122' title='bbox 722 3047 832 3113; x_wconf 84' lang='lat' dir='ltr'>Graeci</span> <span class='ocrx_word' id='word_1_123' title='bbox 856 3048 993 3112; x_wconf 88' lang='lat' dir='ltr'>enimin</span> <span class='ocrx_word' id='word_1_124' title='bbox 1017 3046 1164 3111; x_wconf 80' lang='lat' dir='ltr'>conviviis</span> <span class='ocrx_word' id='word_1_125' title='bbox 1188 3043 1288 3108; x_wconf 83' lang='lat' dir='ltr'>solent</span> <span class='ocrx_word' id='word_1_126' title='bbox 1311 3063 1363 3106; x_wconf 77' lang='lat' dir='ltr'>no</span> 
     </span>
     <span class='ocr_line' id='line_1_21' title="bbox 349 3160 1361 3247; baseline -0.003 -22"><span class='ocrx_word' id='word_1_127' title='bbox 349 3161 483 3239; x_wconf 87' lang='lat' dir='ltr'>minero,</span> <span class='ocrx_word' id='word_1_128' title='bbox 508 3164 559 3226; x_wconf 88' lang='lat' dir='ltr'>oni</span> <span class='ocrx_word' id='word_1_129' title='bbox 574 3165 720 3246; x_wconf 90' lang='lat' dir='ltr'>pooulnm</span> <span class='ocrx_word' id='word_1_130' title='bbox 735 3165 880 3230; x_wconf 82' lang='lat' dir='ltr'>tradituri</span> <span class='ocrx_word' id='word_1_131' title='bbox 896 3166 969 3229; x_wconf 84' lang='lat' dir='ltr'>sint.</span> <span class='ocrx_word' id='word_1_132' title='bbox 1005 3164 1044 3228; x_wconf 91' lang='lat' dir='ltr'>In</span> <span class='ocrx_word' id='word_1_133' title='bbox 1059 3160 1244 3247; x_wconf 85' lang='lat' dir='ltr'>propinandi</span> <span class='ocrx_word' id='word_1_134' title='bbox 1259 3167 1361 3223; x_wconf 89' lang='lat' dir='ltr'>antem</span> 
     </span>
     <span class='ocr_line' id='line_1_22' title="bbox 351 3277 1364 3366; baseline -0.001 -27"><span class='ocrx_word' id='word_1_135' title='bbox 351 3277 442 3341; x_wconf 83' lang='lat' dir='ltr'>simul</span> <span class='ocrx_word' id='word_1_136' title='bbox 465 3286 496 3342; x_wconf 86' lang='lat' dir='ltr'>et</span> <span class='ocrx_word' id='word_1_137' title='bbox 520 3278 655 3344; x_wconf 89' lang='lat' dir='ltr'>donandi</span> <span class='ocrx_word' id='word_1_138' title='bbox 678 3281 901 3366; x_wconf 76' lang='lat' dir='ltr'>significatione</span> <span class='ocrx_word' id='word_1_139' title='bbox 923 3281 982 3346; x_wconf 92' lang='lat' dir='ltr'>hoo</span> <span class='ocrx_word' id='word_1_140' title='bbox 1006 3280 1097 3345; x_wconf 88' lang='lat' dir='ltr'>verbo</span> <span class='ocrx_word' id='word_1_141' title='bbox 1120 3279 1221 3344; x_wconf 88' lang='lat' dir='ltr'>utitur</span> <span class='ocrx_word' id='word_1_142' title='bbox 1237 3277 1364 3341; x_wconf 79' lang='lat' dir='ltr'>Demos·</span> 
     </span>
     <span class='ocr_line' id='line_1_23' title="bbox 351 3395 1361 3484; baseline -0.001 -26"><span class='ocrx_word' id='word_1_143' title='bbox 351 3395 460 3460; x_wconf 83' lang='lat' dir='ltr'>thenee</span> <span class='ocrx_word' id='word_1_144' title='bbox 483 3395 521 3460; x_wconf 89' lang='lat' dir='ltr'>de</span> <span class='ocrx_word' id='word_1_145' title='bbox 543 3397 620 3461; x_wconf 81' lang='lat' dir='ltr'>falsa</span> <span class='ocrx_word' id='word_1_146' title='bbox 635 3398 726 3484; x_wconf 83' lang='lat' dir='ltr'>legat.</span> <span class='ocrx_word' id='word_1_147' title='bbox 743 3402 823 3464; x_wconf 78' lang='lat'>384:</span> <span class='ocrx_word' id='word_1_148' title='bbox 841 3399 890 3464; x_wconf 75' lang='grc' dir='ltr'>καὶ</span> <span class='ocrx_word' id='word_1_149' title='bbox 906 3405 1050 3465; x_wconf 78' lang='grc' dir='ltr'>τελευτῶν</span> <span class='ocrx_word' id='word_1_150' title='bbox 1065 3397 1231 3474; x_wconf 75' lang='grc' dir='ltr'>ἐκπώματα</span> <span class='ocrx_word' id='word_1_151' title='bbox 1246 3395 1361 3474; x_wconf 73' lang='grc' dir='ltr'>ἄρχνρῖι</span> 
     </span>
     <span class='ocr_line' id='line_1_24' title="bbox 351 3513 1362 3603; baseline -0.001 -27"><span class='ocrx_word' id='word_1_152' title='bbox 351 3513 400 3576; x_wconf 72' lang='grc' dir='ltr'>καὶ</span> <span class='ocrx_word' id='word_1_153' title='bbox 418 3520 519 3594; x_wconf 77' lang='grc' dir='ltr'>χρνσῖι</span> <span class='ocrx_word' id='word_1_154' title='bbox 534 3515 685 3596; x_wconf 72' lang='grc' dir='ltr'><strong><em>προῦπινεν</em></strong></span> <span class='ocrx_word' id='word_1_155' title='bbox 700 3519 813 3590; x_wconf 76' lang='grc' dir='ltr'><strong><em>αὒτιῖςε</em></strong></span> <span class='ocrx_word' id='word_1_156' title='bbox 830 3517 995 3603; x_wconf 85' lang='lat' dir='ltr'>Philippus</span> <span class='ocrx_word' id='word_1_157' title='bbox 1010 3516 1226 3581; x_wconf 83' lang='lat' dir='ltr'>Thebanorum</span> <span class='ocrx_word' id='word_1_158' title='bbox 1242 3513 1362 3596; x_wconf 73' lang='lat' dir='ltr'>legatis.</span> 
     </span>
     <span class='ocr_line' id='line_1_25' title="bbox 352 3628 1361 3720; baseline -0.001 -28"><span class='ocrx_word' id='word_1_159' title='bbox 352 3629 415 3694; x_wconf 90' lang='lat' dir='ltr'>Ubi</span> <span class='ocrx_word' id='word_1_160' title='bbox 449 3632 540 3696; x_wconf 77' lang='lat' dir='ltr'>etiam</span> <span class='ocrx_word' id='word_1_161' title='bbox 572 3631 767 3698; x_wconf 73' lang='lat' dir='ltr'>donationem</span> <span class='ocrx_word' id='word_1_162' title='bbox 799 3635 964 3720; x_wconf 80' lang='lat' dir='ltr'>significari</span> <span class='ocrx_word' id='word_1_163' title='bbox 994 3642 1134 3718; x_wconf 83' lang='lat' dir='ltr'>apertum</span> <span class='ocrx_word' id='word_1_164' title='bbox 1166 3637 1212 3694; x_wconf 85' lang='lat' dir='ltr'>est</span> <span class='ocrx_word' id='word_1_165' title='bbox 1243 3651 1280 3693; x_wconf 85' lang='lat' dir='ltr'>ox</span> <span class='ocrx_word' id='word_1_166' title='bbox 1306 3628 1361 3705; x_wconf 80' lang='lat' dir='ltr'>iis,</span> 
     </span>
     <span class='ocr_line' id='line_1_26' title="bbox 351 3751 1362 3837; baseline -0.003 -25"><span class='ocrx_word' id='word_1_167' title='bbox 351 3769 431 3830; x_wconf 86' lang='lat' dir='ltr'>quae</span> <span class='ocrx_word' id='word_1_168' title='bbox 461 3771 552 3833; x_wconf 88' lang='lat' dir='ltr'>porro</span> <span class='ocrx_word' id='word_1_169' title='bbox 583 3751 787 3836; x_wconf 81' lang='lat' dir='ltr'>adjiciuntur:</span> <span class='ocrx_word' id='word_1_170' title='bbox 819 3752 889 3816; x_wconf 82' lang='lat' dir='ltr'>illos</span> <span class='ocrx_word' id='word_1_171' title='bbox 919 3775 955 3817; x_wconf 88' lang='lat' dir='ltr'>ea</span> <span class='ocrx_word' id='word_1_172' title='bbox 983 3751 1177 3837; x_wconf 78' lang='lat' dir='ltr'>repudiasse,</span> <span class='ocrx_word' id='word_1_173' title='bbox 1208 3755 1240 3812; x_wconf 83' lang='lat' dir='ltr'>et</span> <span class='ocrx_word' id='word_1_174' title='bbox 1267 3769 1362 3810; x_wconf 87' lang='lat' dir='ltr'>unum</span> 
     </span>
     <span class='ocr_line' id='line_1_27' title="bbox 352 3863 1362 3951; baseline 0 -23"><span class='ocrx_word' id='word_1_175' title='bbox 352 3863 481 3930; x_wconf 78' lang='lat' dir='ltr'>dixisse:</span> <span class='ocrx_word' id='word_1_176' title='bbox 514 3868 597 3934; x_wconf 77' lang='grc' dir='ltr'>αὐτοὶ</span> <span class='ocrx_word' id='word_1_177' title='bbox 617 3870 682 3946; x_wconf 46' lang='grc' dir='ltr'>,μὲν</span> <span class='ocrx_word' id='word_1_178' title='bbox 703 3867 750 3935; x_wconf 81' lang='grc' dir='ltr'>οὖν</span> <span class='ocrx_word' id='word_1_179' title='bbox 773 3871 917 3951; x_wconf 62' lang='grc' dir='ltr'><strong><em>ὑπάρχειν</em></strong></span> <span class='ocrx_word' id='word_1_180' title='bbox 940 3873 1018 3949; x_wconf 77' lang='grc' dir='ltr'>αὐτῷ</span> <span class='ocrx_word' id='word_1_181' title='bbox 1041 3869 1123 3951; x_wconf 73' lang='grc' dir='ltr'><strong><em>Φίλαν</em></strong></span> <span class='ocrx_word' id='word_1_182' title='bbox 1145 3868 1195 3931; x_wconf 74' lang='grc' dir='ltr'>καὶ</span> <span class='ocrx_word' id='word_1_183' title='bbox 1218 3865 1289 3942; x_wconf 80' lang='grc' dir='ltr'><strong><em>ξένοι</em></strong></span> <span class='ocrx_word' id='word_1_184' title='bbox 1312 3865 1362 3929; x_wconf 74' lang='grc' dir='ltr'>καὶ</span> 
     </span>
     <span class='ocr_line' id='line_1_28' title="bbox 352 3978 1362 4070; baseline 0.002 -27"><span class='ocrx_word' id='word_1_185' title='bbox 352 3978 420 4045; x_wconf 80' lang='grc' dir='ltr'><strong><em>ἄνευ</em></strong></span> <span class='ocrx_word' id='word_1_186' title='bbox 442 3989 499 4047; x_wconf 79' lang='grc' dir='ltr'>τῶν</span> <span class='ocrx_word' id='word_1_187' title='bbox 522 3984 611 4063; x_wconf 70' lang='grc' dir='ltr'><strong><em>δώρων</em></strong></span> <span class='ocrx_word' id='word_1_188' title='bbox 632 3985 750 4052; x_wconf 80' lang='grc' dir='ltr'><strong><em>τούτων.</em></strong></span> <span class='ocrx_word' id='word_1_189' title='bbox 786 3985 895 4050; x_wconf 82' lang='lat' dir='ltr'>Poeaet</span> <span class='ocrx_word' id='word_1_190' title='bbox 917 4007 990 4070; x_wconf 84' lang='lat' dir='ltr'>ergo</span> <span class='ocrx_word' id='word_1_191' title='bbox 1015 3984 1064 4049; x_wconf 92' lang='lat' dir='ltr'>hio</span> <span class='ocrx_word' id='word_1_192' title='bbox 1088 3984 1170 4069; x_wconf 87' lang='lat' dir='ltr'>apud</span> <span class='ocrx_word' id='word_1_193' title='bbox 1193 3981 1362 4047; x_wconf 79' lang='lat' dir='ltr'>Pindarum</span> 
     </span>
    </p>
   </div>
   <div class='ocr_carea' id='block_1_3' title="bbox 351 4096 1364 4187">
    <p class='ocr_par' dir='ltr' id='par_1_10' title="bbox 351 4096 1364 4187">
     <span class='ocr_line' id='line_1_29' title="bbox 351 4096 1364 4187; baseline 0.001 -27"><span class='ocrx_word' id='word_1_194' title='bbox 351 4096 432 4161; x_wconf 90' lang='lat' dir='ltr'>idem</span> <span class='ocrx_word' id='word_1_195' title='bbox 463 4099 651 4183; x_wconf 78' lang='lat' dir='ltr'>significare:</span> <span class='ocrx_word' id='word_1_196' title='bbox 681 4124 786 4166; x_wconf 81' lang='lat' dir='ltr'>rerum</span> <span class='ocrx_word' id='word_1_197' title='bbox 810 4124 908 4187; x_wconf 86' lang='lat' dir='ltr'>quum</span> <span class='ocrx_word' id='word_1_198' title='bbox 931 4101 1059 4165; x_wconf 84' lang='lat' dir='ltr'>donatio</span> <span class='ocrx_word' id='word_1_199' title='bbox 1079 4102 1143 4186; x_wconf 87' lang='lat' dir='ltr'>jam</span> <span class='ocrx_word' id='word_1_200' title='bbox 1166 4099 1258 4164; x_wconf 83' lang='lat' dir='ltr'>verbo</span> <span class='ocrx_word' id='word_1_201' title='bbox 1281 4097 1364 4176; x_wconf 70' lang='grc' dir='ltr'><strong><em>δωρή-</em></strong></span> 
     </span>
    </p>
   </div>
   <div class='ocr_carea' id='block_1_4' title="bbox 350 4216 1364 4532">
    <p class='ocr_par' dir='ltr' id='par_1_11' title="bbox 350 4216 1364 4532">
     <span class='ocr_line' id='line_1_30' title="bbox 352 4216 1364 4305; baseline 0 -27"><span class='ocrx_word' id='word_1_202' title='bbox 352 4239 437 4279; x_wconf 81' lang='grc' dir='ltr'><strong><em>σεται</em></strong></span> <span class='ocrx_word' id='word_1_203' title='bbox 463 4217 669 4301; x_wconf 80' lang='lat' dir='ltr'>eignifioetur‚</span> <span class='ocrx_word' id='word_1_204' title='bbox 694 4221 817 4304; x_wconf 83' lang='lat' dir='ltr'>propria</span> <span class='ocrx_word' id='word_1_205' title='bbox 839 4219 1023 4305; x_wconf 87' lang='lat' dir='ltr'>propinandi</span> <span class='ocrx_word' id='word_1_206' title='bbox 1048 4218 1231 4303; x_wconf 78' lang='lat' dir='ltr'>significatio</span> <span class='ocrx_word' id='word_1_207' title='bbox 1254 4216 1298 4279; x_wconf 91' lang='lat' dir='ltr'>ita</span> <span class='ocrx_word' id='word_1_208' title='bbox 1319 4237 1364 4278; x_wconf 85' lang='lat' dir='ltr'>re·</span> 
     </span>
     <span class='ocr_line' id='line_1_31' title="bbox 351 4332 1361 4421; baseline 0 -26"><span class='ocrx_word' id='word_1_209' title='bbox 351 4332 479 4397; x_wconf 80' lang='lat' dir='ltr'>tinnnda</span> <span class='ocrx_word' id='word_1_210' title='bbox 501 4342 564 4413; x_wconf 85' lang='lat' dir='ltr'>eet,</span> <span class='ocrx_word' id='word_1_211' title='bbox 588 4343 626 4399; x_wconf 92' lang='lat' dir='ltr'>nt</span> <span class='ocrx_word' id='word_1_212' title='bbox 647 4344 767 4414; x_wconf 86' lang='lat' dir='ltr'>tamen,</span> <span class='ocrx_word' id='word_1_213' title='bbox 791 4359 888 4421; x_wconf 85' lang='lat' dir='ltr'>quum</span> <span class='ocrx_word' id='word_1_214' title='bbox 912 4337 1094 4401; x_wconf 84' lang='lat' dir='ltr'>alterutrum</span> <span class='ocrx_word' id='word_1_215' title='bbox 1117 4334 1222 4399; x_wconf 77' lang='lat' dir='ltr'>abesse</span> <span class='ocrx_word' id='word_1_216' title='bbox 1240 4340 1361 4416; x_wconf 79' lang='lat' dir='ltr'>posset,</span> 
     </span>
     <span class='ocr_line' id='line_1_32' title="bbox 350 4450 1096 4532; baseline 0.011 -20"><span class='ocrx_word' id='word_1_217' title='bbox 350 4450 504 4532; x_wconf 84' lang='lat' dir='ltr'>praeclara</span> <span class='ocrx_word' id='word_1_218' title='bbox 527 4454 672 4518; x_wconf 82' lang='lat' dir='ltr'>orationis</span> <span class='ocrx_word' id='word_1_219' title='bbox 696 4454 886 4520; x_wconf 85' lang='lat' dir='ltr'>abundantia</span> <span class='ocrx_word' id='word_1_220' title='bbox 908 4454 1096 4520; x_wconf 84' lang='lat' dir='ltr'>attendatur.</span> 
     </span>
    </p>
   </div>
   <div class='ocr_carea' id='block_1_5' title="bbox 0 0 1880 5542">
    <p class='ocr_par' dir='ltr' id='par_1_12' title="bbox 0 0 1880 5542">
     <span class='ocr_line' id='line_1_33' title="bbox 0 0 1880 5542; baseline 0 0"><span class='ocrx_word' id='word_1_221' title='bbox 0 0 1880 5542; x_wconf 95' lang='lat' dir='ltr'> </span> 
     </span>
    </p>
   </div>
  </div>
 </body>
</html>
