3725 5542
836 732 899 792 lul

405 934 458 994 40.
493 931 526 993 τὸ
557 931 610 1005 μὲν
638 930 706 1009 γὰρ.
765 929 934 1015 Tlepolemi
966 936 1053 1014 pater
1085 929 1252 1004 Hercules,
1285 941 1380 992 mator

362 1047 555 1131 Astydamia,
581 1047 759 1130 Amyntoris
781 1046 860 1110 lilia:
886 1048 980 1111 etiam
1004 1046 1041 1111 ab
1065 1045 1202 1110 Hesiodo
1226 1067 1293 1109 eam
1313 1043 1383 1108 Tlo-

361 1165 475 1250 polemi
504 1173 632 1228 matrem
662 1164 776 1228 dictam
802 1165 896 1228 tuisse
923 1172 1054 1228 testatur
1077 1163 1249 1227 Scholiasta
1273 1168 1377 1238 votus,

361 1281 413 1346 sed
446 1281 521 1344 alios
549 1281 636 1345 aliter
659 1280 839 1344 tradidisse:
864 1280 1034 1356 Homerus,
1058 1278 1097 1343 Il.
1122 1278 1157 1343 ΙΙ
1182 1281 1265 1360 658,
1292 1281 1380 1362 Asty·

361 1399 481 1464 ochiam
505 1399 657 1484 appellat,
683 1401 814 1464 nominis
838 1400 1061 1484 significatione
1085 1400 1135 1463 vix
1159 1399 1287 1464 divorsa.

405 1518 458 1579 43.
495 1516 578 1598 ἀμφὶ
611 1515 636 1578 δ’
658 1516 809 1596 ἀνθρώπων
832 1516 934 1597 Φρεσὶν
957 1517 1142 1594 ἀμπλακίαι.
1189 1513 1379 1579 Narraturus

359 1632 481 1697 caedem
505 1631 657 1716 Licymnii
681 1655 699 1694 a
722 1630 900 1717 Tlepolemo
922 1631 1053 1710 factam,
1078 1632 1206 1696 eandem
1231 1653 1300 1696 varo
1316 1630 1380 1716 glo·

358 1749 455 1813 riosae
479 1747 518 1812 ab
540 1747 594 1813 illo
618 1748 768 1812 deductae
791 1749 928 1812 coloniae
952 1756 983 1813 et
999 1748 1123 1812 honoris
1141 1755 1246 1833 postea
1261 1749 1379 1814 inventi

359 1888 500 1943 causam,
537 1866 698 1950 praeponit
728 1866 902 1931 universam
933 1865 973 1929 de
1003 1865 1213 1931 imbecillitate
1244 1867 1380 1931 humana

359 1983 552 2048 seutentiam.
584 1981 844 2063 ’Λμφικρὲμανται
863 1981 1013 2066 exquisite
1028 1981 1165 2061 dictum,
1179 1991 1215 2047 ut
1227 1984 1276 2047 vix
1289 1984 1378 2048 vitari

360 2099 473 2183 possit,
498 2099 576 2184 quin
599 2098 632 2163 iu
655 2098 789 2182 aliquem
811 2105 859 2161 tot
880 2120 1010 2162 numero
1033 2097 1278 2184 impendentium
1302 2121 1380 2163 erro-

360 2238 424 2280 rem
447 2215 572 2279 inoidas.
620 2215 661 2280 Et
684 2223 846 2300 postquam
869 2215 1021 2293 namavit,
1047 2215 1085 2279 ad
1109 2215 1235 2280 eandam
1259 2227 1378 2280 santan-

360 2334 435 2397 tiam
459 2333 539 2396 redit
562 2355 595 2396 vs
620 2336 678 2410 55,
703 2354 800 2416 quum
822 2332 1035 2417 Tlepolemum
1052 2335 1191 2417 quamvis
1207 2335 1376 2418 sapientem

359 2458 462 2514 tamen
484 2471 625 2534 peccasse
647 2449 809 2534 significet.
844 2448 961 2513 Verum
985 2471 1022 2514 ex
1040 2472 1139 2514 errore
1155 2457 1257 2514 tamon
1271 2456 1378 2535 postea

359 2567 485 2632 meliora
508 2569 628 2632 evenire
652 2589 741 2653 posse
763 2568 871 2645 docet,
896 2568 989 2653 idque
1012 2569 1215 2653 conspicuum
1238 2570 1377 2634 fuisseiu

359 2683 545 2770 Tlepolemo.

405 2805 459 2867 66.
493 2810 579 2869 τοῦτο
600 2803 627 2867 δ’
648 2803 817 2883 ἀμάχανον.
839 2801 978 2868 Verbum
998 2805 1085 2883 εὑρεῖν
1103 2826 1166 2868 non
1181 2805 1377 2870 nanciscendi

360 2919 413 2983 sed
445 2919 640 3004 intelligendi
662 2919 917 3004 significationem
941 2919 1089 2984 hocloco
1113 2920 1214 2985 habet.
1251 2921 1379 2986 Fatetur

360 3035 455 3099 Poeta
484 3035 620 3100 infinitos
651 3057 765 3100 errores
796 3035 972 3119 impendere
1002 3036 1157 3100 mantibus
1182 3037 1376 3115 mortalium,

360 3173 464 3215 aarum
495 3175 557 3215 non
588 3152 656 3216 ideo
688 3151 912 3236 desperandum
936 3175 1001 3217 essa
1025 3161 1146 3230 monet,
1171 3155 1376 3238 nequeenim

358 3268 505 3331 continuo
536 3269 684 3353 cujusquo
707 3268 750 3332 rai
773 3269 888 3332 exitum
912 3291 1074 3354 apparere,
1099 3276 1131 3333 et
1154 3291 1191 3332 ex
1215 3292 1267 3347 eo,
1291 3270 1373 3355 quod

358 3385 446 3450 initio
464 3386 551 3450 triste
570 3384 679 3462 fuerit,
702 3407 790 3470 posse
810 3386 924 3471 gaudia
943 3386 1019 3471 pari.
1043 3385 1373 3472 Similiterilleregum

356 3503 599 3588 sapientissimus
630 3510 661 3567 et
691 3503 864 3587 sapientum
894 3525 948 3567 rex
972 3503 1094 3568 habitus
1118 3503 1257 3569 Salomo:
1293 3503 1373 3584 Quis

356 3621 431 3697 scit,
457 3619 532 3703 quid
556 3621 597 3683 sit
619 3619 696 3683 utile
719 3619 837 3684 homini
859 3621 893 3684 in
917 3619 973 3684 hae
993 3603 1160 3686 vitaluam
1174 3622 1243 3707 quis
1256 3622 1373 3688 homini

357 3738 473 3821 aperire
504 3759 539 3800 ea
567 3743 681 3821 potest,
713 3757 792 3819 quae
820 3738 848 3800 ei
880 3743 987 3820 postea
1010 3737 1171 3802 accident?
1195 3735 1371 3802 Ecclesiast.

357 3851 392 3916 Ο.
416 3851 463 3916 VI
489 3856 539 3917 la.

400 3973 453 4034 49.
488 3970 629 4048 καὶγὰρ.
665 3969 808 4053 Electryo
832 3992 869 4034 ex
890 3969 1029 4054 legitima
1047 3992 1142 4035 uxore
1158 3970 1300 4055 Lysidioe
1318 3971 1373 4036 Pe·

355 4087 434 4172 lopis
464 4087 528 4151 lilia
560 4088 744 4163 Alcmenen,
777 4109 813 4150 ex
845 4087 951 4152 Midea
971 4087 1165 4173 Licymnium
1190 4091 1369 4173 procreavit.

354 4204 484 4269 (laedam
515 4203 668 4288 Licymuii
698 4205 790 4268 etiam
817 4204 972 4269 Homerus
997 4215 1116 4284 narrat,
1140 4228 1241 4291 neque
1264 4205 1369 4283 addit,

353 4323 400 4386 vel
424 4323 577 4406 quomodo
602 4321 648 4386 vel
671 4343 734 4407 qua
755 4341 847 4385 causa
869 4322 949 4386 lacta
972 4324 1029 4400 sit,
1055 4322 1092 4387 Il.
1117 4321 1152 4388 ΙΙ
1177 4325 1251 4387 666.
1276 4321 1368 4388 Scho-

352 4439 459 4504 liastac
482 4439 607 4507 Pindari
630 4445 800 4515 testantur,
825 4439 901 4504 alios
925 4438 965 4503 ab
987 4440 1083 4504 invito
1106 4439 1284 4528 Tlepolemo
1303 4463 1367 4506 oao-
