3725 5542
830 719 871 781 ts

463 919 582 1001 Jupiter
604 918 708 981 madeo
733 923 775 979 eat
797 916 963 999 supplicam
987 917 1196 1001 hospitamqrw.
1212 918 1236 1001 ¹)

331 1036 484 1099 Ceterum
506 1034 558 1098 Dii
578 1034 724 1119 pleraque
740 1034 873 1097 humana
887 1034 1097 1099 committunt:
1115 1034 1275 1099 bominum
1291 1033 1361 1097 ode-

332 1160 415 1217 runt
439 1153 547 1230 aliurn,
564 1151 659 1217 aliurn
676 1150 842 1229 honorant,
859 1152 1015 1217 intersunt
1028 1152 1153 1237 proeliis
1168 1152 1360 1229 mortalium,

334 1276 436 1354 aterne
457 1270 538 1333 iuter
560 1292 592 1333 se
616 1268 802 1332 altercantur
825 1290 924 1353 neque
948 1268 1035 1333 abest
1052 1271 1097 1333 vis
1112 1276 1144 1333 et
1159 1269 1360 1333 vehementia.

386 1386 457 1451 Hoc
487 1388 583 1471 igitur
611 1394 642 1451 et
666 1386 743 1450 vidit
766 1385 918 1450 Pindarus
943 1393 975 1450 et
997 1388 1142 1466 sustulit,
1168 1395 1290 1472 tamque
1314 1409 1362 1451 co·

338 1505 449 1590 piosus
472 1506 531 1568 fuit
553 1506 586 1569 in
610 1503 754 1568 laudibus
778 1502 916 1567 Deorum
940 1503 1130 1567 celebrandis
1146 1526 1238 1589 quam
1254 1512 1362 1568 cautus

340 1624 379 1687 in
410 1622 535 1686 vitanda
566 1622 739 1687 narratione
763 1642 867 1684 earum
890 1642 1009 1699 rerum,
1034 1644 1109 1715 quas
1131 1622 1256 1685 illorum
1279 1644 1363 1706 prae·

339 1741 460 1823 stantia
485 1740 638 1825 judicaret
668 1738 858 1823 indignasff)
893 1737 1063 1823 Imperium
1092 1761 1163 1803 vero
1187 1761 1292 1803 eorum
1316 1747 1362 1803 est

339 1858 511 1943 ejusmodi,
544 1865 581 1921 ut
610 1880 672 1921 non
705 1862 826 1920 tantum
858 1856 985 1921 arbitrio
1016 1879 1071 1920 suo
1104 1864 1214 1941 regant
1241 1857 1362 1934 omnia,

339 1998 451 2041 verum
474 1977 565 2040 etiam
588 1997 680 2060 quam
703 1974 834 2038 maxime
857 1975 966 2059 pietati
990 1981 1022 2038 et
1045 1974 1213 2039 virtutibus
1236 1974 1363 2059 reliquis

339 2095 478 2181 praemia
500 2093 655 2170 tribuant,
680 2093 793 2156 fastum
811 2114 880 2155 vero
904 2100 936 2155 et
959 2092 1226 2176 intemperantiam
1242 2092 1363 2156 oderint

340 2211 565 2297 suppliciisque
589 2216 819 2295 persequantur.
832 2210 856 2293 8)
892 2208 1052 2289 Quantum
1067 2232 1139 2274 vero
1154 2219 1260 2274 nostra
1276 2212 1364 2297 fragi-

340 2330 415 2393 litas
438 2329 475 2393 ab
498 2328 623 2393 illorum
645 2327 784 2412 potentia
807 2336 837 2391 et
861 2328 1039 2392 aeternitate
1062 2328 1171 2406 distet,
1189 2330 1363 2415 praecipere

341 2449 466 2532 copiose
489 2446 577 2511 solet.
591 2449 614 2530 4)
648 2444 765 2510 Verum
789 2468 884 2531 quum
904 2445 1032 2510 Homeri
1047 2448 1197 2511 rationem
1212 2446 1364 2511 Pindarus

341 2566 388 2629 ita
419 2562 640 2639 emendaverit,
669 2571 705 2626 ut
727 2564 885 2649 proprium
909 2562 1084 2627 ostenderet
1107 2584 1259 2648 suumque
1281 2564 1366 2627 meli·

343 2704 399 2745 ora
421 2680 457 2745 de
481 2680 550 2745 Diis
573 2678 695 2743 dicendi
717 2678 873 2757 studium,
899 2680 1121 2744 attendendum
1144 2688 1206 2758 est,
1231 2703 1301 2745 eum
1321 2681 1365 2744 ita

341 2797 472 2861 meliora
503 2797 602 2861 dicere
633 2796 788 2860 studuisse
816 2805 852 2860 ut
875 2796 1026 2861 deteriora
1048 2798 1168 2862 vitaret.
1214 2797 1363 2876 Sustulit,

343 2937 423 2999 quae
453 2914 650 2999 displicerent
682 2912 760 2991 sibi,
788 2914 820 2978 in
845 2936 941 2999 eoque
964 2914 1024 2977 fuit
1046 2916 1230 2979 verecundia
1252 2915 1364 2980 ductus

342 3040 375 3095 et
398 3030 565 3107 modestia,
584 3036 746 3114 reputans,
765 3050 855 3114 quam
872 3030 967 3093 simus
984 3030 1053 3093 Diis
1068 3032 1243 3110 inferiores,
1261 3053 1364 3117 quam·

343 3170 403 3232 que
420 3147 526 3212 deceat
541 3168 644 3211 cavere
660 3168 716 3209 nos
734 3147 817 3209 omni
833 3168 942 3230 opera,
959 3169 998 3210 ne
1011 3148 1177 3231 jactatione
1188 3150 1365 3234 importuna

343 3274 375 3329 et
397 3265 504 3329 odiosa
526 3264 692 3349 sapientiae
715 3264 907 3327 affectatione
931 3265 1173 3343 committamus,
1190 3272 1226 3330 ut
1241 3267 1279 3330 de
1295 3266 1363 3330 Diis

343 3382 481 3446 dicamus
497 3405 576 3467 quae
592 3381 775 3466 displiceant
791 3383 875 3467 ipsis.
911 3380 971 3446 Sed
987 3384 1127 3469 quamvis
1144 3384 1364 3448 sublimitatem

342 3498 501 3563 admireris
532 3498 753 3563 sententiarum
785 3522 905 3577 earum,
938 3523 1015 3586 quas
1046 3501 1084 3565 de
1114 3501 1183 3566 Diis
1215 3501 1362 3587 protulit,

341 3624 444 3680 tamen
470 3618 605 3681 retinent
626 3617 680 3681 Dii
703 3624 864 3696 naturam,
890 3640 968 3704 quae
991 3618 1084 3682 ducta
1104 3620 1144 3683 sit
1160 3642 1197 3684 ex
1212 3620 1364 3684 humanae

341 3742 471 3799 naturae
494 3734 707 3799 similitudine.
743 3738 773 3799 A
796 3758 856 3819 qua
880 3758 976 3821 quum
998 3738 1181 3821 pravitatem
1204 3740 1365 3802 secreverit

339 3876 481 3931 omnem,
515 3852 730 3940 addideritque
762 3854 790 3917 ei
820 3855 992 3939 potentiam
1024 3862 1055 3920 et
1079 3855 1307 3935 aeternitatem,
1331 3860 1364 3923 in

341 3972 440 4035 altero
470 3971 587 4056 priores
617 3979 722 4056 poetas
754 3970 944 4050 emendavit,
976 3974 1009 4036 in
1037 3972 1154 4050 altero,
1179 3974 1261 4058 quod
1285 3998 1366 4039 oom-

340 4088 562 4155 mendaverant
597 4090 688 4153 etiam
722 4090 787 4166 illi,
823 4096 926 4154 mmen
961 4112 1013 4153 eos
1046 4091 1091 4154 ita
1123 4094 1296 4176 superavit,
1330 4102 1366 4158 ut

382 4405 408 4467 ι)
426 4406 507 4471 aaa.
525 4406 571 4457 rr.
589 4405 645 4457 aro.
713 4406 737 4466 a)
755 4406 810 4456 vra.
827 4423 879 4471 cap.
898 4408 920 4457 r.
937 4410 949 4469 ς
966 4407 989 4456 1.
1057 4408 1083 4468 a)
1102 4407 1155 4457 vra
1169 4423 1221 4471 aaa.
1234 4408 1328 4469 rsa,
1340 4409 1368 4462 7.·

379 4502 407 4562 4)
424 4500 481 4551 vra.
497 4516 549 4565 cap.
568 4502 592 4551 r.
609 4503 621 4562 ς
638 4500 666 4560 r,
684 4517 736 4565 cap.
754 4503 793 4552 rr.
809 4505 821 4564 ς
838 4504 861 4551 a.
