3725 5542
902 672 910 683 .
1002 618 1065 675 504

570 820 622 882 81.
657 816 704 887 ἇς.
741 817 896 901 Scriptum
920 840 985 880 esse
1010 816 1124 879 dicitur
1148 838 1164 877 a
1185 822 1285 879 vetere
1303 816 1469 879 scholiasta
1487 840 1539 900 pro

523 930 590 1005 ἕωςε
615 933 709 1018 idque
733 933 912 1017 simpliciter
935 932 979 995 ita
1001 954 1066 995 esse
1091 930 1237 1007 arbitror,
1263 940 1381 996 mutata
1403 954 1457 1015 per
1479 932 1542 1029 dia·

523 1052 636 1115 lectum
667 1052 772 1114 forma
819 1048 994 1133 Hesychius
1027 1048 1120 1111 habet
1148 1048 1203 1125 ἃς,
1227 1045 1294 1123 ἕως,
1317 1046 1412 1123 ὅπως,
1436 1050 1541 1130 μέχρις

523 1166 563 1233 οὔ.
609 1168 758 1252 Disputat
788 1166 826 1231 de
856 1191 878 1229 a
907 1166 1036 1231 Doricae
1068 1166 1192 1230 dialecti
1221 1190 1277 1251 pro
1310 1193 1331 1231 ω
1360 1167 1479 1232 Ahrens
1503 1168 1541 1230 de

524 1285 663 1349 dialectis
686 1284 825 1369 Linguae
847 1284 981 1348 Graecae
1004 1283 1041 1347 L.
1066 1284 1101 1347 11
1122 1306 1172 1368 pp.
1199 1284 1543 1361 181,182‚sedhuno

525 1402 652 1466 Pindari
682 1401 785 1466 locum
808 1424 870 1465 non
895 1408 1053 1464 memorat.
1100 1400 1306 1464 Conseruntur
1329 1402 1437 1477 etiam,
1466 1424 1543 1485 quar

526 1520 704 1604 scripsimus
735 1520 773 1582 de
795 1524 884 1595 cutax
907 1541 963 1605 pro
986 1524 1074 1595 σῶμα
1096 1520 1128 1581 in
1153 1518 1351 1582 annotatione
1375 1518 1483 1581 critica
1506 1518 1543 1581 ad

526 1636 578 1701 Ol.
606 1636 636 1699 X
661 1639 703 1699 84
727 1645 758 1699 et
779 1637 813 1699 in
836 1636 1034 1700 annotatione
1059 1635 1097 1698 ad
1121 1633 1172 1698 Ol.
1197 1634 1280 1699 VIII
1304 1639 1355 1699 90.
1403 1635 1542 1720 Regnum

527 1761 629 1817 autem
652 1752 801 1817 Oenomai
826 1775 922 1836 quum
946 1752 1067 1815 dicatur
1090 1776 1108 1815 a
1133 1753 1245 1828 Poeta,
1270 1753 1462 1835 significatur
1485 1776 1546 1817 om·

527 1872 601 1935 nino
629 1879 751 1955 tempus
775 1878 845 1933 ante
868 1870 1053 1946 Herculem,
1079 1879 1115 1933 nt
1137 1869 1323 1953 intelligitur
1346 1892 1382 1935 ex
1406 1872 1545 1955 apposito

527 1988 648 2065 uptote:
684 1986 736 2049 sed
772 1986 948 2050 Oenomaus
979 1988 1172 2071 potissimum
1205 1998 1390 2051 memoratur
1423 1994 1544 2072 propter
1644 2072 1645 2083 ἵ

529 2104 755 2168 memorabilem
777 2126 914 2188 pugnam
938 2102 1078 2188 Pelopis:
1103 2104 1184 2167 conf.
1210 2102 1260 2168 Ol.
1286 2104 1334 2167 ΙΧ
1361 2106 1412 2168 15.

575 2224 627 2283 82.
662 2220 771 2301 νιφάδι.
807 2221 870 2284 Alii
901 2220 939 2284 de
970 2220 1093 2285 silentio
1124 2219 1242 2285 dictum
1272 2228 1402 2306 putant,
1435 2220 1488 2284 alii
1511 2220 1547 2281 de

529 2340 596 2424 ipsa
618 2340 698 2402 nive.
734 2338 888 2402 Posterius
912 2338 1038 2401 omnino
1060 2359 1166 2403 verum
1190 2362 1255 2402 esse
1278 2339 1385 2402 oredo:
1409 2341 1546 2413 νώνυμνος

530 2457 631 2520 tuerat
652 2456 810 2532 tumulus,
835 2455 977 2539 idemque
1000 2455 1119 2519 incultu
1138 2455 1297 2519 horruerat
1313 2458 1547 2539 tempestatibus

532 2573 716 2656 nivibusque
740 2573 906 2637 obnoxius:
932 2571 1082 2636 Hercules
1105 2594 1216 2636 nomeu
1234 2572 1368 2650 addidit,
1386 2582 1433 2651 et,
1449 2576 1478 2639 si
1494 2578 1549 2641 hoc

532 2689 621 2753 nobis
644 2690 759 2772 fingere
780 2689 871 2761 lieet,
896 2689 934 2752 ab
958 2688 1012 2752 illo
1035 2689 1108 2752 inde
1132 2698 1269 2774 tempore
1291 2690 1378 2754 cultu
1402 2713 1550 2757 amoenus

539 2808 639 2870 factus
662 2815 724 2883 est,
748 2806 904 2886 εὐδείελος,
929 2805 980 2869 Ol.
1005 2806 1022 2869 I
1047 2809 1121 2872 178.

581 2926 633 2987 841.
667 2924 783 3004 rantra.
818 2922 907 2987 cont.
932 2921 983 2986 Ol.
1008 2922 1060 2986 III
1085 2926 1136 2987 rt.
1173 2922 1369 3008 significatur
1392 2924 1466 2989 haec
1488 2938 1551 2990 tota

537 3041 596 3104 loci
628 3041 833 3115 consecratio,
865 3062 986 3103 ararum
1017 3040 1201 3116 exstructio,
1233 3040 1339 3105 Cronii
1366 3042 1551 3127 appellatio,

537 3181 614 3244 quas
636 3156 709 3221 inde
733 3179 750 3219 a
774 3179 862 3220 versu
887 3159 928 3220 51
955 3155 1050 3219 Poeta
1073 3158 1224 3240 exposuit
1261 3156 1370 3221 Cetera
1392 3158 1430 3223 de
1451 3159 1553 3225 Parcis

537 3297 572 3339 ac
596 3274 634 3338 de
656 3273 806 3357 Tempore
829 3271 983 3357 praeclara
1006 3278 1094 3348 sunt,
1121 3274 1341 3357 significantia,
1366 3284 1398 3339 et
1414 3276 1552 3341 effectum
1644 3300 1645 3319 ¹

541 3400 572 3455 et
610 3405 789 3475 perpetuam
827 3390 940 3483 famam
977 3388 1125 3453 divinitus
1165 3388 1267 3455 datam
1306 3414 1372 3455 esse
1411 3392 1553 3458 Herculis
1644 3398 1645 3421 ¹

539 3509 687 3573 consiliis.
787 3552 795 3563 ·

581 3628 634 3689 67.
668 3627 702 3689 τὸ
731 3626 768 3689 δὲ.
803 3625 984 3689 Instituitur
1014 3648 1093 3689 nova
1125 3648 1193 3711 pars
1228 3629 1426 3693 narrationis:
1452 3652 1486 3691 vs
1511 3633 1549 3693 81

537 3750 724 3808 memoratus
754 3750 800 3806 est
832 3741 999 3820 Herculea,
1026 3743 1168 3807 conditor
1190 3744 1337 3828 praeclari
1360 3748 1549 3811 certaminis:

538 3884 587 3923 rss
618 3862 750 3924 32-50
783 3866 903 3943 tempus
927 3860 1153 3945 significatum,
1178 3882 1240 3943 quo
1264 3861 1321 3924 hoc
1344 3862 1465 3927 lecerit:
1490 3874 1551 3927 tum

538 3977 610 4041 inde
637 4001 656 4039 a
678 3998 767 4040 versu
792 3980 852 4054 51,
876 3978 1032 4061 quomodo
1054 3978 1125 4041 Jori
1149 3977 1337 4063 reliquisque
1361 3980 1429 4044 Diis
1453 4004 1554 4046 conse·

540 4095 637 4157 oratio
668 4093 806 4158 locorum
837 4095 917 4159 facta
947 4097 1004 4159 sit:
1034 4096 1096 4179 jam
1127 4116 1197 4158 rero
1222 4095 1372 4160 narranda
1395 4107 1467 4161 sunt
1491 4099 1554 4184 ipsa
1644 4118 1645 4185 p

540 4211 639 4296 prima
663 4212 811 4276 sacrificia
834 4221 865 4275 et
888 4213 1081 4309 certamina·

586 4331 638 4393 88.
673 4324 742 4392 tra
776 4327 956 4405 Cernimus,
989 4330 1022 4392 in
1053 4328 1205 4393 indirecta
1227 4330 1364 4395 oratione
1390 4331 1468 4395 hauc
1493 4356 1555 4419 par·
