3725 5542
1024 726 1090 789 498

796 924 948 1001 Πολεμὶων
970 922 1113 1000 καμάτων
1136 921 1170 999 ἐξ
1191 922 1360 1005 dunziaco

798 1042 861 1107 Διὰ
881 1042 954 1105 τεὰν
975 1040 1097 1117 δύναμιν
1119 1040 1244 1117 traxero·
1266 1042 1417 1122 ἄσφαλές.

551 1164 656 1243 Atque
685 1159 730 1223 ihi
760 1160 793 1221 in
823 1157 948 1221 scholiis
980 1156 1128 1241 legimus,
1160 1155 1316 1241 Rheginos
1345 1166 1375 1223 et
1399 1158 1568 1223 Messenios

551 1277 629 1341 duce
654 1276 803 1339 husailao
821 1297 913 1359 grave
933 1274 1049 1341 bellum
1070 1274 1175 1338 Locris
1190 1274 1349 1353 intulisse,
1367 1286 1398 1341 et
1414 1277 1469 1341 hos
1484 1276 1568 1361 ipsos

550 1415 613 1459 non
644 1415 730 1477 pares
760 1393 855 1457 luisse
885 1400 973 1455 tanto
1004 1393 1180 1470 certamini,
1205 1392 1259 1460 sed
1283 1394 1398 1459 auxilio
1422 1393 1568 1457 Hieronis

549 1510 694 1577 liberatos
717 1510 864 1594 periculo.
899 1509 1028 1573 Factum
1052 1509 1084 1575 id
1104 1518 1150 1575 est
1167 1509 1259 1594 paulo
1275 1520 1347 1575 autc
1364 1508 1415 1576 Ol.
1433 1508 1570 1575 LXXVI

550 1650 578 1694 a.
608 1627 642 1691 I:
674 1628 755 1691 conf.
786 1627 911 1710 Heyne,
943 1626 1059 1710 Opuse.
1092 1626 1127 1689 II
1159 1650 1188 1713 p.
1221 1630 1273 1691 56.
1322 1628 1367 1693 Eo
1400 1630 1570 1713 respexisse

549 1743 719 1809 Pindarum
733 1744 886 1807 existimo.
917 1742 1038 1822 Quodsi
1055 1754 1158 1807 autem
1177 1744 1380 1827 Agesidsmus
1397 1744 1495 1809 victor
1509 1745 1571 1809 fuit

550 1860 601 1925 Ol.
628 1858 784 1937 LXXIV,
808 1881 930 1923 carmen
954 1870 1056 1923 autem
1080 1882 1096 1921 a
1121 1860 1253 1923 Pindaro
1277 1862 1405 1925 missum
1428 1860 1569 1925 LXXVI

550 1976 598 2041 rel
628 1976 801 2053 LXXVII,
833 1977 917 2040 haud
948 1986 1095 2041 remotam
1121 2000 1193 2043 sane
1216 1978 1393 2042 memoriam
1417 1978 1514 2043 eladis
1539 1988 1570 2043 et

550 2093 679 2179 periculi
709 2116 793 2157 nnnc
821 2092 974 2157 Pindarus
1005 2094 1269 2159 commemorando
1300 2096 1442 2177 attingit:
1477 2104 1571 2179 atque

550 2213 594 2275 ita
616 2210 648 2272 in
672 2209 768 2273 altero
791 2209 909 2272 scholio
924 2210 1069 2273 victoriae
1084 2218 1205 2293 tempus
1222 2220 1303 2275 rente
1319 2210 1488 2277 iudicatum
1505 2224 1570 2290 est,

550 2325 681 2389 alterum
716 2348 788 2389 vero
821 2326 949 2390 fortasse
984 2336 1085 2393 ortum
1117 2338 1164 2391 est
1193 2350 1230 2391 ex
1262 2328 1395 2413 quadam
1426 2330 1570 2398 carminis

549 2444 635 2506 missi
658 2444 832 2507 notatione:
856 2466 1017 2529 quumque
1040 2442 1073 2509 id
1096 2452 1218 2529 tempus
1241 2446 1392 2511 incertum
1416 2456 1511 2523 esset,
1536 2458 1568 2511 et

550 2568 717 2645 poneretur
739 2558 790 2622 01.
814 2559 951 2623 LXXVI
977 2560 1023 2623 vel
1047 2558 1217 2637 LXXVII,
1241 2584 1279 2627 ex
1303 2584 1339 2625 eo
1362 2563 1430 2646 ipso
1453 2562 1570 2627 iudicio

550 2699 604 2761 per
629 2678 779 2741 incuriam
801 2677 964 2741 confusum
989 2676 1127 2741 scholion
1151 2678 1224 2743 oriri
1249 2680 1351 2763 potuit
1373 2676 1454 2751 adres
1477 2682 1570 2755 dalm-

549 2818 599 2857 σεν
625 2793 711 2867 ἕκτην
732 2794 783 2859 καὶ
806 2794 935 2871 ἑβ1ὀμην
958 2795 1163 2871 Ὀλυμπιάδα.

595 2909 757 2975 Cernimus
787 2918 888 2973 antem
921 2910 1025 2973 denno
1056 2910 1242 2993 singularem
1272 2910 1385 2978 Poetae
1416 2912 1501 2979 illan
1534 2914 1567 2977 iu

549 3026 638 3091 malis
668 3028 836 3091 amicorum
866 3026 1140 3091 commemorandis
1170 3027 1414 3105 humanitatem,
1444 3028 1483 3093 de
1506 3050 1572 3113 qua

550 3144 657 3207 monui
679 3144 720 3207 ad
742 3140 792 3205 01.
818 3141 900 3207 VIII
926 3145 986 3219 16,
1014 3146 1071 3220 19,
1099 3147 1181 3221 102,
1206 3167 1274 3228 pag.
1300 3148 1364 3209 443
1382 3168 1473 3229 seqq,
1491 3148 1570 3211 tea.

549 3260 660 3343 Neque
683 3263 764 3325 euim
789 3262 880 3325 verbo
903 3262 1027 3347 quidem
1052 3264 1148 3347 ipsam
1168 3262 1337 3327 Locrorum
1354 3264 1473 3329 cladem
1488 3286 1572 3331 oom-

550 3387 717 3454 memorat,
749 3378 802 3443 sed
830 3379 875 3441 ita
897 3400 970 3441 cum
992 3379 1150 3445 fortissimi
1174 3379 1274 3443 herois
1298 3381 1372 3464 fuga
1395 3390 1570 3466 comparat,

404 3562 409 3569 ,
546 3506 581 3558 ut
612 3494 748 3562 dolorem
780 3495 948 3559 consolatio
981 3517 1043 3559 non
1075 3496 1212 3579 mitiget,
1240 3494 1294 3561 sed
1318 3504 1420 3561 arceat
1442 3498 1570 3565 omuino

547 3621 578 3676 et
601 3612 756 3697 opprImat
779 3612 906 3695 ejusque
928 3611 1032 3677 locum
1056 3620 1194 3695 occupet.
1242 3610 1308 3675 Nec
1325 3634 1487 3696 possumus
1502 3636 1572 3677 ora·

547 3731 663 3793 tionem
686 3729 844 3793 dilatando
867 3751 930 3793 nou
950 3731 1016 3812 ejus
1032 3750 1140 3793 nocere
1157 3730 1375 3813 praestantiae:
1393 3730 1445 3793 sed
1462 3738 1567 3797 tamen

547 3844 770 3929 intelligentiae
800 3842 993 3926 adjuvandae
1017 3865 1108 3907 causa
1131 3843 1280 3921 dicimus,
1304 3844 1488 3907 seutentiam
1512 3844 1570 3909 hu-

544 3959 681 4044 jusmodi
711 3959 848 4043 pleniore
878 3961 1016 4023 oratione
1040 3960 1176 4043 potuisse
1200 3960 1381 4043 significari:
1408 3981 1497 4025 carus
1520 3972 1570 4025 cst

546 4076 655 4141 Locris
686 4077 770 4140 Mara
800 4100 930 4143 aeneus:
964 4077 1081 4143 cladem
1105 4077 1231 4161 quidem
1253 4078 1335 4143 bello
1359 4080 1440 4163 passi
1463 4078 1568 4155 luere,

548 4194 602 4257 sed
633 4202 737 4259 manet
766 4203 868 4260 tamen
900 4217 1005 4259 eorum
1034 4194 1143 4259 bellica
1166 4195 1281 4279 gloria,
1306 4194 1566 4279 quemadmodum

549 4309 714 4375 Herculem
732 4312 874 4395 plurimis
889 4311 1035 4375 laudibus
1050 4334 1208 4389 ornamus,
1225 4312 1297 4376 licet
1312 4334 1381 4377 eum
1399 4312 1568 4395 aliqnando

548 4426 670 4512 cycnea
693 4449 799 4513 pugna
821 4428 981 4511 fugaverit.
