3725 5542
1004 710 1071 769 434

574 906 601 973 ci
623 910 650 973 δ’
668 909 780 988 Ἀργος
802 910 831 971 τ’
852 903 935 986 εἶχον
956 905 1081 984 Τι’ριινθιὶ
1104 931 1139 971 τε
1153 903 1359 985 τειχιόεσσαν,

574 1027 723 1106 Ἑρμιόνην
744 1025 861 1098 'Asiana
890 1049 940 1104 τε,
970 1025 1066 1101 βαθὺν
1096 1025 1178 1088 urci
1205 1025 1311 1089 κόλποι
1333 1009 1477 1105 Ignoras,

572 1143 717 1223 Τροιζῆι),
741 1141 858 1212 ’Halm
880 1165 925 1205 τε.
971 1140 1013 1204 Et·
1035 1143 1119 1218 497,
1144 1143 1220 1204 501.

572 1258 785 1322 Memor-antur
814 1280 834 1321 a
863 1265 964 1320 vetere
992 1256 1157 1320 scholiasta
1187 1257 1224 1320 ad
1258 1257 1288 1320 h.
1322 1258 1342 1321 l.
1367 1259 1541 1342 Aeginetici

523 1377 592 1443 ludi
614 1378 733 1440 Aeacos
754 1385 786 1439 et
807 1375 1022 1459 Amphorites:
1046 1375 1134 1459 quus
1157 1374 1280 1458 quidem
1303 1375 1453 1459 originem
1479 1385 1539 1440 tra-

523 1495 571 1558 dit
602 1493 785 1578 Apollonius
816 1491 975 1568 Rhodius,
1005 1494 1121 1575 Argon.
1146 1489 1192 1554 IV
1218 1494 1320 1557 luco:
1347 1495 1540 1576 Argonautas

522 1614 554 1675 in
578 1611 679 1676 reditu
704 1611 854 1694 Aeginam
876 1610 1024 1694 appulsos
1043 1619 1174 1674 certasse
1189 1611 1252 1689 περ1
1269 1611 1392 1690 ὑδρείης,
1405 1610 1443 1674 de
1459 1633 1538 1695 aqua

520 1729 554 1793 in
584 1751 692 1792 narem
722 1726 889 1812 portanda,
918 1737 1042 1812 propter
1065 1728 1276 1792 necessitatem
1301 1734 1332 1791 et
1354 1729 1538 1812 properatio-

520 1867 608 1909 nem:
640 1845 713 1908 inde
734 1844 778 1908 ibi
800 1844 946 1908 mansisse
969 1842 1112 1908 currendi
1135 1853 1286 1908 certamen
1311 1845 1443 1929 repletas
1459 1867 1539 1930 aqua

519 1963 682 2046 amphoras
707 1963 905 2047 portantium.
951 1961 997 2024 De
1021 1962 1095 2044 ipsis
1112 1962 1299 2044 Argonautis
1314 1961 1419 2024 eadem
1436 1969 1538 2025 namat

519 2080 727 2164 Apollodorus
750 2078 787 2142 L.
811 2077 881 2142 10.
898 2081 929 2141 9.
955 2079 1144 2142 Mentionem
1161 2100 1266 2142 corum
1283 2077 1427 2142 ludorum
1445 2079 1537 2142 fuioee

518 2197 601 2281 apud
624 2195 850 2260 Callimachum
873 2195 1039 2259 scholiasta
1063 2203 1150 2260 vetus
1174 2195 1278 2259 tradit.
1326 2195 1393 2260 Nec
1413 2197 1534 2259 inst-ilu-

519 2315 598 2378 tioni
630 2315 832 2396 incongruum
863 2313 1032 2398 praemium
1063 2313 1140 2389 luit,
1165 2315 1190 2375 si
1214 2312 1246 2376 id
1269 2319 1368 2376 crater
1389 2313 1466 2388 init,
1491 2334 1535 2374 se·

519 2431 656 2495 cundum
679 2428 873 2494 scholiastam
898 2431 1107 2495 recentiorem.

559 2546 654 2610 Recte
683 2555 786 2610 antem
818 2546 1008 2624 Muellerus,
1040 2548 1150 2630 Aegin.
1183 2570 1212 2631 p.
1244 2549 1305 2622 24,
1329 2546 1404 2610 haec
1427 2545 1531 2609 eadem

515 2665 609 2729 luisse
620 2665 788 2741 existimat,
803 2686 882 2747 qnae
896 2663 1116 2748 Hydrophoria
1131 2663 1325 2748 appellantur
1338 2685 1359 2726 a
1368 2662 1532 2727 scholiasta

513 2782 552 2846 ad
584 2781 674 2846 Nem.
707 2781 736 2843 V
767 2784 820 2845 81.
866 2781 1016 2866 Reliqua,
1045 2803 1124 2864 qnae
1155 2783 1193 2844 ed
1221 2779 1312 2844 ludos
1335 2781 1530 2864 Aeginetioos

512 2900 703 2984 pertineant,
722 2897 948 2982 disputabimus
960 2898 998 2962 ad
1010 2896 1061 2962 Ol.
1075 2897 1159 2962 XIII
1174 2900 1234 2961 155
1247 2907 1279 2962 et
1290 2897 1344 2982 Py.
1357 2897 1441 2961 VIII
1454 2900 1527 2961 114.

561 3017 636 3079 155.
671 3014 824 3080 Πελλάνα.
859 3014 1071 3080 Memorantur
1101 3016 1132 3078 in
1165 3015 1288 3078 scholiis
1319 3015 1469 3079 Hermaea
1498 3025 1530 3078 et

511 3132 704 3196 'I'hcoxsniat
737 3152 814 3214 quae
838 3131 982 3196 videntur
1005 3131 1110 3195 5511555
1135 3132 1246 3196 luisse:
1271 3132 1310 3195 de
1332 3153 1396 3216 qua
1417 3154 1450 3196 re
1473 3131 1530 3195 dis

512 3249 690 3333 putabimus
713 3248 752 3313 ad
776 3247 828 3312 Ol.
852 3247 898 3311 IX
926 3251 999 3312 148.

559 3368 634 3431 157.
670 3365 859 3444 Medeam.
898 3365 1006 3428 Ihrisse
1030 3364 1073 3429 ibi
1090 3364 1235 3441 Diocles,
1253 3363 1382 3448 Pythia,
1400 3363 1531 3440 Nemea,

512 3491 560 3548 est
587 3484 622 3547 in
650 3482 770 3546 scholio
791 3489 909 3546 vetere:
934 3481 1103 3546 Alcathoea
1125 3491 1334 3547 memorantur
1356 3506 1374 3546 5
1396 3481 1531 3547 Pindaro

513 3601 569 3664 Ist.
593 3599 677 3662 vm
704 3601 765 3661 149
789 3607 821 3662 st
843 3620 862 3662 5
883 3598 1050 3663 scholiasta
1072 3599 1111 3664 ad
1135 3598 1225 3664 Nem.
1250 3598 1279 3661 V
1303 3601 1356 3665 84.
1390 3599 1429 3664 15
1445 3599 1532 3664 scho

512 3716 563 3780 liis
594 3715 633 3780 ad
663 3722 804 3779 nostrum
835 3715 938 3780 locum
966 3717 1058 3780 etiam
1082 3716 1233 3793 traditur,
1258 3738 1373 3780 morem
1397 3716 1530 3801 Megaris

511 3831 607 3896 faisse
634 3831 732 3895 sideri
762 3832 888 3897 nomina
917 3833 1069 3898 victorum
1096 3832 1283 3898 inscribendi
1305 3833 1466 3898 columnae
1488 3833 1530 3896 la·

512 3947 638 4032 pideas:
662 3971 730 4012 eam
751 3960 855 4015 autem
878 3950 1053 4015 columnam
1076 3951 1125 4013 vir
1149 3949 1234 4014 aliud
1258 3971 1368 4015 nomeu
1386 3950 1529 4015 habuisse

512 4065 573 4128 nisi
602 4065 771 4150 Diagoras,
802 4067 856 4132 sed
884 4069 952 4150 ejus
981 4068 1116 4132 victoriis
1143 4069 1232 4151 qnasi
1254 4067 1348 4132 fuisse
1370 4068 1528 4153 repletam.

511 4179 629 4246 Verum
658 4186 717 4264 οὐχ
743 4182 837 4262 ’ἕτερον
862 4205 925 4248 555
948 4184 980 4247 id
1004 4185 1173 4268 significat,
1198 4184 1252 4248 sed
1274 4185 1378 4269 potius
1401 4206 1464 4248 non
1486 4183 1532 4248 di·

512 4321 632 4363 versum
655 4322 674 4364 5
696 4299 929 4365 Ρ511555551555
952 4302 1086 4364 victoriis
1110 4303 1141 4366 15
1166 4301 1219 4364 1115
1239 4300 1412 4384 Megarensi
1429 4301 1529 4385 lapide

511 4435 674 4480 numerum
707 4417 820 4480 fuisse:
854 4439 928 4500 ergo
964 4417 1125 4502 Diagoram
1157 4440 1209 4481 sex
1240 4439 1364 4502 qnoque
1395 4416 1528 4500 Megaris
