3725 5542
818 719 881 780 269

387 927 439 989 80.
474 922 615 989 δεύτατα.
663 920 754 986 Varie
786 921 844 985 hoo
875 920 1128 1004 interpretantur.
1174 918 1271 998 Sunt,
1302 920 1359 1005 qui

341 1044 467 1109 ultimas
490 1050 592 1130 partes
616 1040 781 1127 significari
804 1041 849 1104 ita
871 1039 1015 1118 credant,
1040 1047 1077 1103 ut
1099 1038 1223 1125 Pelopis
1246 1062 1358 1127 eorpus

342 1185 379 1227 ne
414 1162 524 1226 ultima
555 1159 677 1247 quidem
708 1168 762 1223 aut
791 1158 919 1223 minima
949 1166 1035 1244 porte
1065 1157 1173 1223 relicta
1202 1181 1357 1224 comesum

341 1303 407 1345 esse
440 1302 538 1345 sermo
565 1280 668 1345 inerit.
715 1276 809 1359 Quod
832 1276 908 1342 mihi
932 1299 994 1341 non
1018 1277 1093 1341 satis
1117 1276 1234 1363 placet,
1258 1300 1358 1362 neque

341 1422 376 1463 ea
408 1399 631 1484 significatione
654 1398 803 1463 articulus
827 1398 937 1462 saltem
960 1396 1082 1461 videtur
1105 1397 1218 1462 omitt'.
1264 1396 1358 1461 Athe-

341 1539 436 1581 naeus
467 1514 505 1581 de
533 1516 675 1583 secundis
698 1516 812 1581 mensis
836 1514 955 1580 dietum
979 1522 1087 1600 potat:
1110 1514 1138 1578 L
1162 1513 1240 1579 XIV
1264 1514 1289 1577 C
1313 1518 1356 1577 48

342 1658 371 1721 p.
403 1637 465 1699 641
498 1657 514 1699 o
540 1631 584 1701 ὅτι
606 1636 666 1716 γὰρ
689 1630 764 1709 ἦσαν
785 1633 833 1699 καὶ
858 1634 941 1716 παρα
962 1641 1023 1706 τοῖς
1045 1634 1180 1714 ἀρχαίοις
1204 1635 1236 1698 αί
1258 1633 1356 1699 δειίτε-

339 1777 384 1835 ραι
407 1752 551 1835 τροίπεζαι
573 1758 742 1826 πολυτελῶς
764 1753 1032 1835 μεμεριμνημέναι,
1049 1756 1206 1831 παρίστησι
1218 1752 1355 1831 Πίνδαρος

341 1876 370 1938 ἕν
391 1872 648 1951 Ὀλυμπιονίκαις,
676 1872 808 1953 περὶτῆς
827 1872 960 1945 Πέλοπος
974 1872 1142 1954 κρεουργίας
1157 1872 1342 1950 διηγούμενος
1347 1920 1357 1950 ,

602 1989 785 2072 Τραπίζαισι
808 1991 832 2055 δ’
854 1991 940 2075 ἀμφὶ
964 2016 992 2057 κ.
1014 2015 1045 2057 τ.
1068 2005 1099 2056 λ.

343 2110 380 2175 ln
404 2111 501 2174 forma
524 2108 667 2195 adjectivi
690 2110 820 2174 δεύτατα
842 2108 920 2173 mihi
944 2130 1007 2173 non
1031 2107 1153 2172 videtur
1177 2130 1243 2171 esse
1266 2107 1359 2172 offen·

342 2228 405 2306 sio,
437 2250 534 2313 quum
564 2250 617 2292 eae
647 2250 785 2306 mensae,
822 2250 900 2312 quae
931 2233 1033 2291 essent
1064 2226 1233 2305 secundae,
1265 2227 1357 2291 etiam

342 2356 444 2411 essent
474 2353 653 2431 postremae.
701 2347 846 2411 Δεύτατα
877 2350 962 2427 κρεῶν
994 2345 1073 2410 τίθεν
1104 2352 1178 2409 sont
1209 2367 1281 2429 ergo
1312 2368 1358 2407 se-

343 2464 460 2529 cundae
483 2464 607 2551 epulae,
635 2486 714 2549 quae
738 2486 754 2527 e
778 2462 920 2528 oamibus
944 2462 1007 2526 tuis
1030 2462 1222 2527 constabant.

390 2587 442 2647 81.
477 2586 563 2649 σέίεν.
611 2582 662 2648 Ol.
689 2582 769 2647 VIII
795 2584 834 2646 59
861 2582 970 2647 παιδιον
994 2583 1083 2647 τίθεν.

390 2704 441 2765 81.
476 2700 653 2766 διεδάσαντο.
691 2699 818 2765 Hesiod.
854 2699 971 2785 Theog.
1000 2702 1065 2763 544
1089 2698 1127 2765 de
1150 2698 1265 2765 dolosis
1287 2699 1360 2763 Pro·

344 2820 458 2885 methei
482 2818 581 2904 epulis

489 2933 510 3001 ὦ
533 2936 639 3018 πέπον,
664 2938 701 3008 ὥς
724 2935 895 3017 ἑτεροζήλως
918 2937 1072 3002 διεδοίσσαο
1095 2937 1208 3015 μοίρας.

390 3058 442 3121 82.
477 3053 592 3136 ἄπορον.
616 3053 731 3119 Similis
748 3053 840 3119 diotio
858 3054 951 3119 etiam
967 3054 1086 3140 plurale
1103 3052 1256 3133 admittit,
1274 3054 1359 3119 velut

342 3174 398 3260 Py.
421 3174 439 3239 I
463 3177 503 3239 67
528 3174 659 3251 εὀικίτα,
683 3172 738 3258 Py.
763 3172 798 3237 Π
825 3175 887 3237 148
910 3174 1055 3239 οίδιίναπα.

390 3296 442 3357 82.
476 3294 711 3373 γαστρίμαργον.
759 3291 882 3357 Crimen
914 3292 996 3357 enim
1027 3290 1188 3377 epularum
1220 3299 1359 3357 eruenta·

344 3434 412 3475 rum
436 3432 497 3475 non
521 3410 560 3474 ad
583 3409 766 3487 Tantalum,
790 3410 1007 3495 ignorantibus
1031 3410 1116 3487 Diis,
1142 3409 1195 3473 sed
1219 3408 1258 3473 ad
1275 3410 1358 3496 ipsos

344 3551 467 3615 quoque
491 3528 572 3593 Deos
596 3526 784 3614 pertinebat:
810 3527 842 3591 hi
866 3528 949 3591 enim
970 3527 1358 3608 τοίμον,διεδοίοαντο,4)οί-

343 3672 404 3726 γον.
429 3647 587 3733 Expressit
605 3646 731 3711 Pindari
747 3646 931 3711 sententiam
950 3647 1044 3711 etiam
1059 3646 1238 3731 Euripides,
1256 3646 1358 3733 Iphig.

343 3766 379 3830 Τ.
404 3768 480 3830 386.

745 3886 803 3963 ἐγὼ
825 3884 879 3963 μὲν
901 3880 949 3950 οὖν

549 4003 591 4068 τὰ
613 4001 772 4069 Τανποίλοο
795 4004 894 4068 ίεοῑσιν
917 4000 1093 4081 ἑστιοίματα

543 4120 660 4187 ἄπιστα
682 4122 780 4201 κρίνα,
804 4121 907 4195 παιδὸς
932 4122 1049 4197 ἡσθῆναι
1072 4120 1157 4204 βορᾷ.

389 4244 441 4306 84.
476 4242 635 4322 λέλογχεν.
683 4240 823 4325 Utroque
853 4240 946 4305 modo
977 4239 1035 4303 hoo
1062 4238 1188 4303 verbum
1213 4236 1357 4324 ponitur,

343 4368 379 4425 ut
408 4359 457 4423 vel
484 4358 596 4444 aliquis
623 4359 745 4423 dicatur
770 4366 881 4423 sortem
904 4357 1091 4438 λαγχοίνειν,
1116 4355 1164 4420 vel
1186 4376 1253 4418 sors
1276 4376 1357 4418 eum.

343 4478 458 4543 Prioris
489 4478 607 4563 generis
639 4484 685 4541 est
715 4476 765 4542 Ol.
797 4476 842 4541 VI
875 4479 916 4541 56
940 4476 1024 4558 λοίχε
1048 4475 1077 4540 τ’
1101 4474 1233 4555 Ἀλφεὸν
1255 4475 1356 4549 οἰκεῖν,
