3725 5542
1018 666 1058 725 58

529 866 626 943 „baec
650 866 774 950 quidem
797 864 886 929 stulti
910 887 981 929 cum
1004 866 1114 931 decore
1136 870 1213 933 ferre
1237 892 1300 934 nou
1320 880 1468 953 possunt,
1487 872 1543 937 sed

527 983 618 1061 boni,
650 985 756 1069 pulcra
784 992 937 1049 vertentes
963 985 1079 1049 extra.”
1092 986 1118 1067 ¹)
1163 986 1200 1051 ln
1223 988 1299 1071 ipsis
1321 989 1414 1052 mulia
1432 989 1541 1065 κόσμον

527 1104 736 1182 commendat,
771 1104 928 1181 decorem,
961 1105 1015 1187 qui
1046 1106 1089 1167 ita
1117 1106 1286 1189 sapientiae
1309 1108 1451 1191 proprius
1474 1117 1540 1183 est,

529 1229 565 1285 ut
587 1244 658 1286 eum
680 1222 860 1307 insipientes
883 1222 1005 1304 assequi
1028 1232 1200 1305 nequeant:
1220 1234 1313 1308 atque
1332 1224 1391 1287 boc
1411 1225 1541 1289 Hieroni

529 1339 658 1403 maxime
690 1338 863 1405 faciendum
895 1350 978 1417 erat,
1009 1348 1046 1403 ut
1076 1341 1216 1405 decorem
1242 1351 1393 1419 servaret,
1422 1344 1485 1427 regi
1509 1344 1542 1407 iu

528 1479 638 1542 magna
666 1456 812 1523 felicitate
832 1457 950 1542 posito:
973 1480 1063 1536 uam,
1086 1460 1112 1520 ai
1135 1457 1211 1542 qnid
1235 1460 1315 1523 inter
1339 1459 1446 1543 populi
1470 1482 1540 1542 pro

529 1598 611 1641 ceres
641 1584 672 1641 et
702 1578 822 1641 infimos
853 1578 999 1655 interest,
1030 1578 1090 1641 lroc
1120 1579 1265 1641 interesse
1296 1576 1406 1653 debet,
1435 1586 1472 1641 nt
1494 1577 1541 1641 illi

529 1694 607 1757 mala
627 1718 683 1759 sua
702 1696 820 1780 privata
837 1718 876 1759 ne
894 1696 926 1759 iu
943 1695 1095 1780 populum
1109 1694 1283 1759 redundare
1297 1695 1395 1759 velint
1409 1717 1485 1759 uere
1500 1695 1540 1758 ed

529 1812 636 1897 populi
661 1813 906 1877 communionem
934 1820 1130 1877 convertant:
1158 1812 1418 1896 quemadmodum
1442 1812 1543 1876 voluit

528 1928 674 2012 praeclari
714 1931 844 2013 scriptor
881 1930 1024 1994 carminis
1062 1929 1101 1992 ud
1135 1928 1255 1993 Liviam
1291 1932 1466 2013 Augustam
1502 1929 1542 1992 de

530 2058 627 2112 morte
650 2048 762 2113 Drusi:

574 2164 647 2229 Non
670 2166 775 2229 eedem
800 2166 973 2250 vulgusque
995 2166 1105 2230 decent
1128 2174 1161 2230 et
1179 2166 1298 2230 lumina
1319 2167 1469 2247 rerumstl

575 2282 615 2347 Et
632 2305 702 2347 vcro
718 2285 794 2348 scire
809 2293 945 2369 oportet,
963 2306 1105 2368 magnam
1121 2284 1295 2349 felicitatem
1307 2283 1352 2346 ita
1362 2282 1483 2368 placere
1493 2284 1545 2347 de·

529 2402 614 2479 bere,
635 2410 685 2477 ut,
706 2402 733 2464 si
752 2402 827 2485 quid
843 2402 921 2465 forte
937 2402 1031 2477 desit,
1048 2402 1203 2466 homiuem
1220 2412 1251 2465 te
1266 2423 1332 2465 esse
1346 2400 1540 2475 memineris,

530 2541 586 2584 neo
606 2518 702 2583 cludis
720 2529 874 2605 expertem
894 2543 960 2585 esse
978 2542 1077 2604 posse.
1112 2520 1232 2584 ldoiroo
1252 2520 1354 2604 pergit
1372 2519 1541 2583 Pindarus:

530 2644 583 2713 „te
602 2658 667 2701 sors
686 2636 841 2701 felicitatis
860 2638 1015 2721 sequitur:
1036 2637 1144 2721 populi
1162 2660 1280 2721 regem,
1295 2637 1431 2719 siquem
1446 2636 1544 2700 bomi-

531 2776 623 2830 num,
655 2776 766 2839 magna
795 2754 920 2820 fortuna
951 2754 1098 2840 adspicit:
1129 2754 1183 2817 sed
1211 2754 1318 2818 illaesa
1340 2754 1466 2817 fortune
1486 2775 1545 2817 uec

532 2872 623 2936 Peleo
654 2895 710 2937 nec
741 2872 857 2937 Cadmo
886 2873 966 2949 luit,
995 2873 1049 2956 qui
1072 2871 1249 2936 mortalium
1271 2871 1419 2935 dicuntur
1441 2884 1546 2952 supro

531 3012 612 3053 mam
636 2990 779 3055 habuisse
802 2990 1011 3054 felicitatem.”
1022 2989 1049 3071 ³)
1081 2990 1137 3066 „si
1156 2989 1226 3071 quis
1246 2987 1424 3052 mortalium
1443 2996 1545 3051 mente

532 3108 624 3173 habet
652 3109 789 3172 veritatis
819 3110 916 3185 viam,
950 3108 1038 3171 decet
1066 3108 1121 3184 iis,
1150 3128 1230 3190 quoe
1259 3106 1298 3169 ab
1320 3104 1546 3169 immortalibus

532 3227 702 3310 acceperis,
733 3225 821 3289 bonis
853 3226 929 3303 frui;
954 3225 1029 3289 alias
1053 3224 1131 3287 aliae
1152 3244 1245 3288 aurae
1268 3234 1430 3286 ventorum
1452 3229 1544 3286 snut:

532 3365 643 3427 megrra
675 3343 805 3407 felicitas
839 3365 902 3407 non
937 3343 1016 3407 solet
1049 3365 1115 3406 esse
1148 3341 1305 3406 diuturne„
1361 3339 1480 3402 Parrus
1512 3340 1545 3403 in

533 3462 652 3545 parvis,
684 3484 814 3547 magnus
844 3462 877 3525 in
907 3462 1028 3546 maguis
1057 3461 1152 3526 rebus
1180 3481 1249 3523 ero:
1280 3480 1365 3535 eam,
1393 3478 1472 3542 quae
1496 3478 1547 3521 me

533 3580 720 3657 circumdat,
752 3588 864 3644 sortem
895 3588 996 3644 mente
1023 3601 1143 3663 semper
1164 3577 1327 3654 exercebo,
1343 3576 1456 3640 colens
1480 3596 1546 3639 oen

533 3700 576 3762 ita
601 3706 636 3761 ut
659 3706 775 3782 potero.
823 3697 944 3777 Quodsi
966 3698 1045 3761 mihi
1064 3696 1187 3761 divinas
1206 3695 1292 3758 Deus
1308 3693 1441 3769 dederit,
1461 3705 1547 3777 spem

535 3818 632 3881 liabeo
656 3816 733 3893 fore,
759 3824 795 3879 ut
817 3838 960 3899 maguam
983 3814 1113 3899 glorium
1136 3834 1227 3897 porro
1251 3812 1422 3887 inveniam,
1443 3832 1548 3892 quom·

534 3936 700 4000 admodum
728 3934 868 3998 Nestoris
887 3906 923 3996 ⁴ot
946 3932 1128 4017 Sarpedonis
1151 3931 1279 3995 nomine
1299 3927 1486 3993 carminibus
1508 3926 1547 3989 ad

534 4076 590 4117 uos
623 4062 788 4138 propagata
819 4062 909 4117 sunt:
942 4073 997 4134 per
1026 4050 1159 4133 gloriosa
1189 4048 1325 4111 cannino
1355 4053 1454 4109 exstat
1481 4045 1549 4109 laus

535 4171 715 4237 diuturna.’'
730 4174 754 4254 ⁴)

571 4430 594 4489 ι)
606 4428 646 4493 ιι.
660 4428 713 4477 ιιι.
725 4426 781 4477 ιιι.
857 4424 882 4486 ι)
899 4421 1006 4473 nen.
1083 4423 1107 4479 u
1118 4423 1160 4488 ry.
1173 4422 1228 4470 111.
1242 4421 1299 4469 ιιι.
1372 4418 1542 4478 timrei.
