3725 5542
793 723 833 783 59

346 926 449 991 Locus
461 926 526 999 hie,
540 925 565 987 si
578 923 764 988 attendimus
777 921 914 1007 singula,
928 922 1102 1007 praeolarua
1113 921 1148 987 in
1159 921 1264 1007 primis
1276 927 1323 983 est

302 1056 334 1110 ot
354 1045 393 1109 ad
413 1042 540 1107 Pindari
561 1042 742 1127 sapientiam
762 1039 993 1124 intelligendam
1015 1040 1198 1105 uberrimus.
1225 1038 1322 1116 Nam,

304 1172 470 1247 postquam
485 1168 588 1225 totum
604 1160 778 1245 posuimus,
796 1158 1016 1243 perspicimus,
1033 1156 1110 1241 quitl
1124 1158 1166 1221 sit
1177 1155 1227 1233 id,
1239 1155 1323 1239 quod

305 1281 394 1344 initio
411 1280 547 1364 positum
563 1286 642 1355 erat,
659 1300 729 1341 oum
746 1276 854 1341 deeore
870 1277 951 1340 ferre
965 1298 1052 1341 auam
1069 1276 1133 1340 sive
1149 1294 1321 1359 prosperam

306 1398 367 1461 sire
391 1396 550 1461 adversam
574 1396 729 1459 fortunam
751 1402 783 1458 et
806 1393 913 1478 pulcra
936 1400 1052 1457 vertere
1076 1400 1171 1456 extra.
1210 1390 1323 1454 Noluit

308 1515 409 1600 appeti
433 1513 586 1589 absentia,
612 1514 771 1577 contemtis
792 1534 871 1595 quae
891 1511 1018 1576 habeas:
1039 1510 1142 1574 noluit
1160 1509 1192 1573 in
1213 1530 1323 1593 magna

307 1632 431 1697 fomuua
453 1630 553 1713 optari
577 1631 721 1715 majorem
749 1631 910 1713 omnisque
931 1628 1027 1693 eladis
1043 1628 1226 1705 immunem,
1244 1648 1323 1710 quae

310 1750 340 1813 iu
370 1748 528 1812 hominem
552 1746 659 1811 cadere
682 1769 742 1811 non
767 1755 887 1831 posset:
912 1746 966 1810 sed
989 1768 1114 1811 auarum
1137 1768 1240 1811 rerum
1264 1745 1324 1809 sibi

311 1866 467 1931 conscium
499 1872 530 1929 et
559 1865 781 1949 intelligentem
814 1866 911 1929 faeere
942 1864 975 1929 id
1006 1865 1089 1948 quod
1121 1865 1237 1949 possis,
1269 1865 1326 1928 τὰν

313 1985 480 2063 ἔμπρακτον
510 1984 629 2047 ἀντλεῖν
655 1983 817 2061 ponzardo:
842 1991 1018 2046 convertere
1042 1990 1144 2047 autem
1168 1983 1201 2046 in
1225 1981 1325 2045 lucem

313 2110 342 2164 et
363 2100 613 2165 exercitationem
637 2120 703 2163 eam
726 2099 867 2163 fortunae
891 2109 1008 2184 partem
1015 2144 1024 2178 ,
1046 2122 1124 2184 quae
1145 2099 1327 2164 odlandum

313 2218 505 2303 gloriamque
527 2216 678 2302 pertinere
701 2216 806 2301 possit.
850 2216 887 2281 In
911 2240 1014 2281 rerum
1037 2217 1248 2283 mediocritate
1268 2240 1330 2281 me·

316 2336 484 2401 diuoritatis
513 2334 594 2399 bona
617 2334 754 2418 sequaris
778 2342 809 2399 et
831 2356 960 2419 augeas:
985 2336 1094 2400 altiore
1117 2336 1185 2399 loeo
1208 2335 1327 2419 positus

317 2440 429 2538 majora
457 2452 604 2537 perficias.
647 2452 766 2535 Atque,
792 2474 889 2536 quum
912 2454 1013 2516 omnis
1037 2454 1171 2517 humana
1193 2451 1330 2516 conditio

319 2572 356 2635 sit
386 2552 573 2647 mutabilis(
596 2591 653 2634 neo
677 2592 787 2654 magna
809 2570 933 2635 fortuna
956 2570 1053 2635 soleat
1075 2593 1141 2635 esse
1164 2571 1330 2649 diuturna,

318 2690 358 2753 ita
376 2688 520 2753 exhibeas
538 2688 692 2753 meliorem
715 2696 846 2774 partam,
868 2695 903 2752 nt
924 2698 1083 2754 convertas
1098 2690 1130 2754 in
1147 2691 1333 2775 perpetuita-

319 2816 375 2873 tem
399 2808 450 2886 id,
475 2807 559 2891 quod
582 2830 639 2871 sua
661 2815 771 2871 natura
794 2808 917 2872 nonsit
938 2816 1137 2892 perpetuum,
1158 2807 1331 2872 etlaudem

320 2925 373 2989 tihi
403 2949 492 3009 pares
524 2948 561 2989 ex
591 2948 643 3003 eo,
676 2925 759 3009 quod
792 2924 960 3009 aliquando
983 2927 1094 3003 etiam,
1116 2926 1178 2989 nisi
1200 2926 1329 3003 caverit,

321 3044 485 3127 sapientem
516 3043 629 3106 vinxit:
661 3042 921 3126 quemadmodum
947 3043 1167 3127 Aesculapium
1190 3042 1259 3106 auri
1282 3064 1334 3105 ou·

322 3159 389 3243 pido
407 3160 571 3245 pervertit:
586 3160 611 3243 ι)
630 3160 689 3224 lroo
708 3159 781 3224 boni
801 3160 858 3224 viri
879 3172 943 3236 est,
964 3182 1063 3245 neque
1081 3183 1154 3225 sane
1174 3160 1251 3224 tales
1270 3169 1333 3224 tam

322 3277 442 3342 daueros
466 3299 565 3343 mores
586 3278 673 3361 sequi
692 3278 781 3343 stulti
801 3287 941 3363 possunt.
977 3278 1075 3363 Cujus
1095 3279 1140 3342 rei
1159 3278 1333 3363 exemplum

320 3395 382 3479 ipsa
404 3395 576 3477 admonitio
600 3405 662 3474 est,
687 3416 785 3478 quum
805 3394 934 3460 Hieroni
954 3395 1097 3473 suadeat,
1117 3395 1273 3479 quomodo
1294 3396 1335 3459 sit

321 3512 345 3575 ei
370 3512 523 3578 utendum
547 3512 673 3578 divitiis.
721 3512 807 3593 Quid
830 3512 969 3597 pulcrius
994 3521 1116 3578 aeterna
1140 3512 1242 3577 lama?
1266 3514 1336 3597 quis

321 3630 522 3715 praestantior
552 3631 729 3697 divitiarum
762 3654 836 3696 usus
868 3652 961 3715 quam
992 3631 1017 3694 si
1048 3632 1088 3695 ad
1114 3632 1281 3696 certamina
1308 3638 1337 3695 et

321 3749 459 3813 victorias
491 3748 705 3827 coanimantur,
739 3748 966 3834 praebeantque
997 3750 1040 3813 sio
1071 3750 1169 3834 poetis
1193 3748 1334 3813 eximiam

322 3865 449 3930 canendi
477 3865 658 3931 materiem?
682 3866 754 3930 Huo
776 3873 899 3930 revocat
921 3867 1003 3950 regis
1025 3866 1180 3942 animum,
1204 3867 1334 3932 salutem

322 3974 443 4047 omnini)
467 3984 534 4068 ejus
557 3984 659 4047 auimo
683 3984 836 4062 adferens,
862 3984 1079 4051 commendans
1098 3985 1335 4077 continentiam,

323 4100 408 4185 louge
432 4102 586 4186 longeque
609 4124 627 4165 a
650 4103 768 4167 desidia
790 4110 955 4179 remotam,
977 4102 1030 4165 sed
1047 4109 1221 4186 temperans
1242 4102 1336 4167 simul

324 4224 352 4281 et
373 4220 508 4283 excitans
531 4230 562 4283 et
585 4243 692 4305 regens
716 4220 820 4286 studia
839 4228 869 4284 et
888 4220 920 4283 in
941 4219 1032 4284 lauda
1051 4219 1165 4304 pariter
1180 4189 1335 4285 'collocans

335 4382 495 4395 m

358 4480 380 4538 1)
400 4480 470 4530 conr.
486 4495 542 4545 m.
560 4482 600 4531 ao.
