3725 5542
829 748 891 812 377

359 954 469 1029 ταμίας
493 959 523 1016 et
545 951 636 1032 βωμςῖΙ
658 952 780 1029 ταμίας.
816 950 923 1014 Potest
946 950 1058 1026 ταμίας
1082 948 1208 1034 adjungi
1230 950 1364 1033 genitivo

360 1075 445 1151 Διὸς,
478 1070 631 1157 quomodo
663 1069 746 1156 apud
776 1070 953 1145 Platonem,
985 1067 1022 1131 de
1045 1067 1120 1153 Leg.
1144 1067 1190 1132 VI
1214 1070 1277 1133 774
1301 1068 1365 1131 At

357 1192 469 1269 ταμίας
500 1199 552 1264 τῆς
582 1190 643 1253 decb
673 1190 804 1273 (”Ηρας);
836 1188 865 1251 D
896 1189 919 1253 σί
943 1188 1049 1265 ταμίαι
1077 1186 1185 1251 τούτοιν
1215 1188 1366 1252 scindetis

359 1312 423 1394 (τῆς
449 1310 542 1389 Ἥρας
572 1306 677 1372 τεκαὶ
700 1312 750 1373 τοῦ
775 1306 862 1391 Διύς).
913 1305 964 1371 Sic
986 1305 1208 1391 significaretur
1229 1306 1367 1370 minister

358 1427 443 1491 doris
474 1426 513 1491 ad
544 1426 608 1511 ejus
632 1412 723 1491 eram.
770 1426 907 1490 Praestat
930 1432 1031 1489 temon
1054 1426 1182 1510 jungere
1204 1424 1271 1495 Διὸς
1295 1445 1364 1487 oum

358 1547 464 1627 βωμῷ,
489 1554 580 1631 atque
603 1545 661 1610 hoc
683 1568 754 1611 oum
776 1545 901 1623 ταμίας.
949 1543 1063 1608 Herod.
1084 1542 1166 1606 VIII
1190 1546 1230 1644 51
1254 1562 1366 1605 memo

358 1674 465 1730 rantur
495 1664 623 1729 Athenis
652 1664 760 1742 ταμίαι
786 1670 837 1729 τσῦ
868 1666 935 1745 ίριῖν.
981 1662 1089 1747 Enrip.
1111 1661 1173 1725 Ion
1198 1664 1237 1724 55
1261 1684 1366 1742 χρυσο-

360 1785 486 1866 Φύλαιια
508 1788 559 1847 τοῦ
583 1784 643 1848 deod
666 1784 779 1861 ταμίαν
801 1808 835 1847 τε
859 1781 975 1847 τύντων
998 1780 1107 1846 τιστύν.
1132 1780 1272 1843 Fortasse
1294 1801 1366 1865 ergo

358 1902 460 1981 βωμοῦ
483 1904 619 1977 μαντείων
645 1901 759 1977 ταμίας
782 1901 967 1985 significaret
989 1900 1087 1984 ipsius
1109 1920 1178 1963 arae
1192 1898 1367 1963 ministrum

366 2030 396 2086 et
425 2020 598 2085 custodem:
632 2042 725 2104 quum
757 2019 860 2084 dativo
884 2018 985 2104 posito
1015 2018 1203 2103 significetur
1230 2016 1368 2081 minister

359 2162 461 2205 earum
485 2162 603 2217 rerum,
631 2139 764 2223 quaein
788 2160 839 2202 ara
861 2138 1075 2214 exhibeantur,
1099 2136 1131 2201 id
1156 2136 1367 2200 estvaticinio

360 2280 438 2322 rum.
484 2257 522 2321 In
558 2256 690 2322 editione
724 2256 812 2321 Rom.
848 2264 878 2320 et
913 2248 995 2320 Crat.
1031 2264 1077 2320 est
1106 2255 1197 2333 βαμῶ
1228 2254 1365 2333 μαντεία.

364 2376 435 2440 Non
458 2384 560 2441 tamen
582 2377 655 2441 satis
680 2398 786 2441 causae
810 2383 869 2453 est,
893 2398 949 2439 cur
971 2375 1179 2452 scholiastsm,
1198 2374 1367 2440 adscriben-

363 2500 423 2558 tem
454 2494 519 2559 ύντί
550 2501 601 2560 τοῦ
629 2494 731 2572 βωμοῦ
738 2543 748 2572 ,
772 2493 860 2558 illum
885 2493 1012 2558 Dorium
1035 2494 1202 2578 genitivum
1225 2493 1366 2559 habuisse

361 2612 577 2677 existimemus.

408 2734 458 2797 10.
493 2732 667 2811 ἐπικύρσαις.
703 2730 754 2796 Ita
775 2730 808 2795 in
830 2737 917 2795 textu
940 2730 1118 2816 imprudens
1141 2730 1232 2795 edidi.
1268 2731 1367 2795 Parti·
1414 2783 1418 2795 .

359 2851 473 2937 cipium
497 2850 612 2914 Antisti
636 2850 726 2935 primi
749 2856 795 2913 est
818 2846 868 2913 Ol.
893 2848 909 2912 I
934 2852 997 2927 98,
1024 2850 1102 2915 197ι
1127 2849 1162 2913 Π
1187 2851 1364 2927 108‚165:

361 2969 413 3033 III
438 2971 474 3048 5,
499 2971 558 3033 28:
590 2967 619 3030 V
645 2972 702 3035 17:
727 2966 775 3031 VI
801 2970 858 3046 10,
884 2970 946 3046 34,
972 2966 1283 3032 612V1192V111
1308 2970 1366 3044 52,

363 3088 422 3162 96,
451 3087 530 3149 106:
555 3084 603 3149 IX
627 3087 679 3164 87,
706 3088 783 3164 111,
811 3088 891 3163 189,
919 3088 998 3149 142:
1021 3084 1052 3149 X
1076 3088 1136 3163 36,
1154 3089 1213 3164 49,
1232 3088 1288 3165 51,
1307 3088 1365 3163 54,

364 3204 423 3279 58,
449 3204 501 3280 87,
529 3206 608 3280 109,
635 3206 707 3267 111.
748 3203 867 3268 Horum
890 3203 1028 3269 locorum
1051 3202 1204 3290 plerisque
1226 3204 1366 3289 Heynins

269 3388 272 3393 ,
362 3320 459 3385 edidit
488 3322 616 3389 formam
645 3345 722 3394 -αιςι
755 3330 785 3385 et
809 3320 906 3386 sicubi
930 3322 989 3387 hoo
1011 3344 1073 3387 non
1096 3323 1185 3401 fecit,
1210 3323 1311 3407 potius
1334 3323 1367 3387 id

360 3438 457 3505 facere
481 3440 686 3526 praetermisit
707 3439 884 3526 imprudens
908 3463 999 3525 quam
1023 3441 1160 3507 oonsilio.
1193 3441 1366 3506 Boeckhins

361 3557 460 3623 ubivis
496 3582 560 3625 eam
591 3561 718 3625 formam
749 3559 870 3645 recepit.
917 3558 997 3624 Vide
1028 3561 1093 3645 ejus
1123 3558 1368 3639 Praefationem‚

362 3701 390 3764 p.
415 3677 552 3743 XXXII.
576 3678 691 3744 Tamen
714 3678 785 3744 libri
808 3700 926 3763 semper
948 3679 1010 3744 fere
1033 3678 1148 3746 habent
1162 3679 1289 3744 formam
1305 3704 1365 3753 -ας,

358 3794 376 3858 Ι
401 3798 461 3862 127
488 3797 520 3860 in
550 3798 637 3861 libris
669 3805 715 3862 est
737 3798 859 3869 ρ’νιέσαςε
884 3804 916 3861 at
939 3797 1105 3882 Gregorius
1128 3796 1306 3863 Corinthius
1329 3798 1368 3863 de

359 3913 441 3977 Dial.
466 3914 539 3979 Dor.
571 3918 587 4001 d
609 3914 722 3980 XXII:
757 3923 823 3987 ταῖς
846 3922 994 3995 μετνχαῖς
1016 3921 1072 3981 τῶν
1093 3916 1230 3997 ύνρίστων
1252 3940 1364 3997 τριστι-

357 4029 435 4096 ύέασι
458 4034 491 4097 τὸ
514 4052 541 4098 ι·
566 4034 719 4115 Πίνδαρος·

535 4151 597 4215 ἐπεί
620 4160 694 4233 τρεῖς
717 4176 751 4215 τε
774 4150 823 4225 καί
846 4148 902 4215 δέκ’
925 4150 1028 4229 ἄνδρας
1050 4151 1174 4224 ίλίσαις.

358 4267 392 4331 II
418 4270 479 4331 165
502 4269 573 4334 libri
597 4269 711 4334 habent
732 4269 885 4345 τανύσαις,
911 4278 1029 4353 praeter
1052 4269 1120 4333 Par.
1145 4271 1359 4348 Λτανύσσαιε,

358 4388 492 4475 Guelph.
516 4390 674 4463 τανύσσαις
698 4413 766 4455 cum
791 4389 975 4454 correctione
998 4390 1145 4467 τανύσας,
1162 4390 1248 4454 Gott.
1265 4390 1369 4456 τύννσ·

355 4532 412 4575 σιν.
437 4508 545 4596 Ibique
568 4512 600 4576 in
624 4510 738 4575 scholio
761 4508 928 4575 recentiore
952 4505 1013 4573 est:
1038 4508 1085 4574 ἕτί
1101 4510 1152 4584 τὴν
1169 4508 1363 4589 Ἀκράγαντα
