3725 5542
819 714 859 775 Al

326 916 443 980 didism
473 914 600 991 ceteris,
630 924 665 977 ut
691 914 809 997 optimo
838 934 991 995 quemque
1016 912 1143 976 consilio
1167 912 1206 977 ad
1229 922 1345 977 metum

327 1034 467 1097 Deorum
498 1038 628 1096 vocaret.
669 1028 765 1094 Velut
796 1030 835 1093 ad
866 1029 1052 1107 Hieronem,
1085 1052 1180 1114 quum
1208 1032 1235 1093 is
1264 1030 1346 1094 haud

328 1152 406 1215 satis
437 1149 592 1213 videretur
622 1150 686 1212 suis
713 1147 804 1211 rebus
834 1170 898 1211 esse
921 1154 1103 1223 contentus,
1127 1148 1250 1211 scribit:
1275 1146 1349 1224 „ad-

329 1290 434 1333 sersus
463 1267 564 1331 Deum
592 1288 654 1329 non
677 1272 792 1329 certare
815 1274 955 1349 oportet:
979 1265 1056 1327 ferre
1080 1265 1188 1328 leviter
1210 1274 1347 1328 sumtum

328 1387 361 1449 in
391 1383 471 1447 colla
494 1385 607 1467 jugum
627 1384 733 1467 juvat:
758 1382 905 1445 adversus
930 1382 1090 1446 stimulum
1114 1382 1272 1446 calcitrare
1295 1382 1349 1445 im-

328 1511 421 1587 petus
455 1498 643 1585 periculosus
673 1500 751 1563 est.''
765 1500 788 1581 ¹)
835 1498 885 1562 Sic
915 1499 1039 1583 quidem
1066 1500 1145 1564 uitae
1167 1521 1349 1583 morumque

330 1626 495 1703 praecepta
519 1639 589 1681 cum
615 1639 716 1681 rerum
741 1617 914 1681 divinarum
940 1618 1204 1682 commendatione
1223 1618 1350 1701 conjun-

328 1739 387 1801 xit.
435 1737 595 1801 Praeclara
626 1758 698 1800 vero
725 1745 816 1812 suut,
845 1759 923 1819 quae
951 1736 1073 1821 scripsit
1100 1735 1139 1801 ad
1164 1735 1349 1813 Arcesilam,

327 1856 387 1941 qui
410 1856 444 1919 iu
467 1854 589 1939 Pythiis
612 1852 771 1918 victoriam
794 1862 1018 1938 reportaverat,
1043 1876 1170 1917 mouens
1190 1876 1277 1931 eum,
1299 1863 1349 1930 ut,

329 1975 390 2037 hac
420 1980 509 2035 tantu
536 1977 660 2055 accepta
689 1970 802 2055 gloria,
833 1992 923 2055 porro
952 1994 990 2034 ne
1013 1970 1245 2035 oblivisceretur
1267 1972 1351 2034 omni

329 2092 377 2154 rei
403 2088 503 2153 Deum
528 2096 684 2153 auctorem
709 2110 904 2173 praeponere.
918 2091 944 2171 ἓ)
978 2087 1128 2153 Videmus
1152 2088 1277 2152 Poetam
1302 2110 1350 2150 vo

328 2210 429 2273 luisse
461 2230 584 2284 eorum,
617 2208 672 2291 qui
702 2204 846 2270 certando
876 2206 957 2269 Deos
985 2217 1161 2285 ornassent,
1190 2215 1351 2290 essentque

330 2326 477 2412 praemiis
509 2325 609 2388 ornati
637 2348 654 2387 a
681 2323 767 2399 Diis,
797 2326 858 2407 janu
893 2332 986 2387 totam
1012 2326 1105 2387 vitam
1132 2325 1244 2408 pietate
1267 2326 1351 2388 cerui

328 2444 541 2527 conspicuam.

810 2682 827 2763 p
850 2686 880 2742 e.

722 2914 768 2977 De
790 2915 971 2977 caritatibus.

382 3151 553 3235 Goujuugit
573 3150 655 3235 apud
674 3150 841 3215 Pindarum
863 3151 978 3217 Chiron
1000 3166 1115 3217 metum
1137 3154 1248 3217 summi
1269 3152 1356 3215 «loris

331 3290 410 3333 cum
435 3276 597 3353 pareutum
622 3290 740 3345 amore,
767 3269 877 3353 hisque
900 3270 1041 3333 sensibus
1065 3270 1217 3334 Achillem
1242 3272 1356 3355 pariter

331 3385 487 3452 ambobus
509 3386 628 3449 imbuit.
645 3385 669 3469 ³)
705 3385 826 3465 Quodsi
846 3394 947 3451 autem
972 3387 1121 3451 Pindarus
1142 3389 1274 3473 epinicia
1294 3410 1356 3452 car·

330 3504 423 3569 mina
437 3526 492 3568 sua
508 3504 663 3568 continere
679 3505 831 3589 egregiam
847 3503 947 3568 voluit
964 3505 1085 3589 pictatis
1097 3527 1170 3589 erga
1182 3505 1263 3569 Deos
1275 3528 1355 3570 com-

331 3620 573 3698 mendationem,
591 3621 721 3685 eundem
738 3622 901 3685 maximam
915 3621 1042 3686 laudum
1056 3623 1273 3706 praestantiam
1284 3645 1354 3687 con·

332 3739 447 3805 tulisse
471 3740 500 3802 in
527 3762 595 3817 eos,
620 3740 674 3822 qui
698 3738 853 3823 quendam
877 3747 1037 3823 pareutum
1063 3740 1163 3804 locum
1187 3741 1353 3805 habereut‘

333 3878 441 3921 noune
463 3878 500 3921 ex
520 3857 557 3919 iis
574 3856 637 3939 jam
657 3856 792 3939 intelligi
812 3866 930 3942 potest,
953 3879 1031 3940 qnae
1051 3865 1140 3922 antea
1156 3858 1354 3943 scripsimus?

332 3970 420 4036 Nam
441 3994 501 4056 quo
522 3971 642 4037 valebat
662 3973 730 4037 laus
751 3974 968 4051 Aeacidarum,
991 3975 1049 4037 nisi
1070 3983 1107 4038 ut
1123 3976 1258 4059 Aeginae
1274 3977 1355 4039 cives

333 4091 434 4155 tantis
457 4090 624 4175 majoribus
648 4090 873 4155 delectarentur
897 4113 1064 4176 eorumque
1084 4092 1175 4156 laude
1194 4095 1356 4158 incitaren-

333 4206 412 4273 tur?
445 4206 486 4270 ut
506 4207 694 4291 reliquorum
716 4208 844 4273 heroum
866 4210 1000 4294 iusignia
1019 4210 1102 4274 luere
1118 4211 1280 4295 praeconia
1295 4233 1355 4274 uon

331 4384 532 4399 ἡ

376 4490 673 4556 1)Ργ.ΙῙ.162,]71,
776 4493 858 4559 My.
882 4494 909 4543 V.
926 4496 966 4543 88.
1068 4492 1274 4559 amulas.
