3725 5542
954 676 1017 734 344

482 874 506 937 si
537 874 615 939 duae
645 875 786 939 victoriae
817 875 942 938 suerunt
974 873 1081 937 eodem
1116 883 1267 958 tempore,
1291 894 1352 935 nou
1376 870 1487 935 disede

482 1002 597 1057 tentam
621 1002 683 1058 tam
706 994 845 1057 eximiam
868 992 990 1057 laudem
1012 1014 1031 1054 a
1053 992 1148 1056 Poeta
1170 992 1265 1055 fuisse
1285 989 1483 1056 celebratam:

481 1122 535 1175 aut
557 1113 582 1175 si
606 1112 701 1177 altera
724 1113 886 1197 praecessit
909 1112 1051 1188 alteram,
1076 1134 1140 1176 uon
1162 1111 1330 1196 posteriore
1352 1109 1485 1173 oermure

482 1232 573 1296 etiam
595 1234 725 1317 priorem
750 1231 871 1296 laudem
895 1231 933 1296 ab
956 1254 993 1296 eo
1014 1233 1107 1296 fuisse
1123 1238 1398 1295 commemoratam.
1426 1226 1485 1290 Ve.

483 1374 548 1416 rum
572 1353 603 1416 iu
627 1352 774 1417 ambobus
796 1352 981 1417 carminibus
1004 1352 1049 1415 ita
1070 1350 1176 1416 eodem
1199 1373 1322 1436 prorsus
1337 1348 1429 1414 modo
1445 1348 1484 1411 ad

482 1472 614 1535 recentia
643 1470 822 1536 Camarinae
852 1472 1038 1535 incrementa
1067 1471 1246 1556 respicitur,
1278 1478 1313 1533 ut
1340 1490 1486 1554 perquam

483 1589 604 1653 difficile
636 1590 693 1668 sit,
726 1612 761 1653 ea
788 1598 924 1675 tempore
952 1600 1092 1675 separata
1112 1590 1207 1653 ionae
1230 1588 1403 1653 existimare
1448 1586 1490 1649 Et

483 1716 565 1773 totus
593 1710 679 1793 quasi
709 1708 793 1773 color
824 1709 986 1794 utriusque
1016 1716 1061 1772 est
1085 1708 1250 1793 ejusmodi,
1277 1716 1313 1771 ut
1334 1705 1372 1770 ad
1396 1727 1489 1769 uuam

483 1825 670 1912 eandemque
693 1828 850 1891 victoriam
873 1826 1105 1903 celebrandam,
1129 1824 1168 1889 ad
1191 1825 1318 1890 eandem
1341 1833 1372 1887 et
1394 1823 1489 1886 Psan-

484 1940 573 2005 midis
602 1950 633 2005 et
662 1940 838 2007 Camarinae
867 1942 990 2005 laudem
1011 1942 1178 2007 ornandam
1201 1942 1384 2027 pertinuisse
1408 1939 1488 2003 vide

484 2070 584 2123 autur.
632 2058 688 2123 Est·
721 2062 753 2124 iu
788 2074 919 2145 utroque
954 2060 1080 2125 Pindari
1114 2069 1178 2125 arte
1211 2082 1353 2146 expresse
1382 2059 1489 2123 eadem

485 2178 607 2241 victoris
629 2178 747 2263 imago,
772 2179 912 2243 betantis
929 2181 1027 2265 patria
1041 2202 1145 2245 recens
1160 2178 1298 2255 condita,
1315 2177 1489 2263 adjuvantis

486 2318 569 2373 eam,
601 2298 745 2361 ornantis.
792 2295 858 2363 Nec
889 2298 1059 2383 quidquam
1091 2299 1149 2383 ipsi
1178 2298 1345 2363 sententiae
1368 2295 1407 2359 de
1429 2318 1492 2360 uua

485 2416 612 2479 victoria
633 2415 735 2480 deesse
759 2416 894 2481 videtur:
919 2417 1022 2482 obstat
1042 2417 1142 2481 solum
1165 2417 1323 2502 inscriptio
1346 2415 1488 2479 carminis

486 2534 603 2620 quinti,
628 2556 719 2618 quam
742 2536 936 2620 rejiciendam
959 2558 1024 2600 esse
1043 2536 1106 2621 jam
1126 2533 1263 2600 ostendi:
1284 2542 1315 2598 et
1329 2533 1488 2618 inscriptio

486 2654 626 2719 carminis
658 2655 773 2739 quarti:
806 2676 883 2739 quae
910 2655 1033 2740 quidem
1063 2656 1137 2719 satis
1167 2654 1295 2740 antiqua
1320 2654 1415 2718 fuisse
1437 2674 1491 2737 po

487 2782 561 2851 test,
592 2775 618 2837 si
650 2774 775 2838 fortasse
801 2774 864 2859 jam
893 2784 959 2837 tum
981 2774 1059 2851 fuit,
1083 2797 1178 2859 quum
1201 2774 1345 2857 quintum
1368 2794 1488 2837 carmen

487 2892 622 2957 noudum
649 2894 680 2956 iu
704 2891 889 2957 editionibus
912 2892 1036 2957 Pindari
1060 2900 1216 2976 receptum
1239 2900 1326 2956 asset.
1362 2890 1491 2955 Verum·

487 3022 587 3075 tamen
609 3010 647 3075 de
670 3034 705 3075 es
728 3012 795 3095 ipsa
816 3012 999 3095 antiquitate
1022 3034 1083 3076 non
1106 3018 1242 3076 constat:
1266 3022 1297 3075 et
1316 3011 1349 3074 in
1364 3010 1490 3095 iuscrip

488 3129 622 3194 tionibus
650 3129 748 3194 multa
780 3129 818 3196 ab
850 3129 1019 3194 editoribus
1049 3130 1096 3195 vel
1119 3128 1408 3195 commentatoribus
1428 3130 1490 3213 jam

487 3248 559 3312 olim
591 3248 715 3313 arbitrio
747 3271 802 3313 suo
826 3250 896 3313 ficta
919 3256 951 3313 et
973 3251 1145 3333 excogitata
1167 3271 1249 3326 esse,
1275 3260 1341 3313 tum
1365 3271 1401 3313 cx
1424 3250 1491 3333 ipso

487 3367 611 3449 quinto,
639 3374 705 3430 tum
728 3388 744 3430 e
766 3369 857 3431 tertio
880 3377 910 3431 et
932 3378 1039 3433 octavo
1062 3369 1194 3432 camnine
1218 3376 1315 3452 patet:
1340 3367 1432 3431 etiam
1455 3388 1492 3429 ex

488 3485 658 3549 undecimo.
695 3484 767 3549 Non
787 3487 885 3571 igitur
908 3498 1028 3552 tautum
1051 3489 1079 3552 ei
1094 3486 1187 3551 titulo
1201 3486 1319 3563 tribuo,
1337 3496 1374 3549 ut
1388 3507 1492 3549 verum

488 3627 553 3667 esse
586 3625 648 3667 uon
684 3604 806 3668 credam
839 3605 887 3681 id,
921 3606 1002 3690 quod
1034 3628 1139 3670 verum
1170 3626 1235 3669 esse
1264 3605 1331 3689 ipsa
1359 3604 1493 3668 carmina

488 3723 612 3787 suadere
636 3722 786 3787 videntur.

533 3841 569 3905 In
593 3842 725 3905 carmine
748 3844 857 3927 quinto
879 3845 1041 3928 praecipue
1064 3850 1249 3907 memoratur
1270 3845 1385 3923 dasian,
1409 3842 1492 3928 quod

488 3968 534 4025 est
557 3960 689 4026 solemne
713 3961 825 4026 rhedae
848 3963 973 4027 muleris
989 3984 1100 4027 nomen
1115 3963 1148 4027 iu
1163 3963 1201 4027 iis
1217 3961 1315 4026 ludis:
1332 3962 1363 4025 in
1381 3970 1492 4046 quarto

488 4102 548 4144 uon
571 4089 773 4159 memoratur,
797 4082 850 4146 sed
874 4104 908 4145 vs
934 4084 973 4144 19
998 4082 1082 4162 ἔχει.
1118 4080 1159 4144 Et
1181 4081 1239 4145 boe
1262 4080 1385 4166 quidem
1408 4102 1493 4143 voca·

488 4198 593 4262 bulum
625 4199 705 4284 apud
739 4199 906 4266 Homerum
938 4224 1071 4286 semper,
1103 4207 1254 4286 quantum
1284 4200 1424 4276 memini,
1454 4199 1492 4263 de

489 4340 578 4381 curro
606 4319 693 4403 equis
720 4320 828 4403 juncto
860 4320 1001 4404 ponitur:
1034 4319 1086 4383 ubi
1115 4318 1153 4383 de
1181 4318 1273 4381 mulis
1303 4340 1401 4381 sermo
1428 4329 1491 4394 est,

489 4434 596 4513 ἅμαξα
627 4436 755 4517 dicitur,
787 4438 825 4503 Il.
859 4437 967 4502 XXIV
1001 4441 1078 4516 150,
1115 4441 1194 4514 179,
1233 4439 1310 4514 189,
1336 4439 1420 4514 2116,
1444 4438 1490 4501 vel
