3725 5542
857 652 897 711 23

360 849 500 935 virgulto
535 851 637 927 invio,
673 848 822 913 violarum
858 848 996 912 candidis
1032 851 1259 935 purpureisque
1289 851 1382 915 radiis

357 980 462 1033 tenero
494 991 620 1053 corpore
653 970 762 1053 rigato.
810 967 883 1047 Quo
912 967 1014 1033 omine
1043 968 1143 1032 voluit
1171 969 1263 1033 etiam
1286 979 1383 1032 mater

357 1110 429 1151 enm
467 1088 498 1151 in
536 1095 657 1173 tempus
692 1095 873 1173 perpetuum
906 1088 1032 1151 nomine
1062 1088 1229 1151 immortali
1257 1087 1381 1153 Jamum

362 1207 519 1291 appellari.
538 1209 558 1290 Ι)
593 1205 755 1270 iucundae
779 1215 944 1293 postquam
968 1206 1050 1291 cepit
1066 1205 1288 1269 adolescentiae
1304 1208 1384 1271 fruo-

359 1336 444 1401 tum‚
480 1324 582 1389 rnedio
617 1324 803 1389 descendens
843 1324 965 1409 Alpheo
1004 1331 1161 1407 potentem
1199 1322 1382 1410 Neptunum

359 1442 495 1519 vocarit,
533 1464 623 1507 avum
660 1464 771 1518 suum,
793 1441 816 1523 2)
846 1450 877 1504 et
908 1441 1127 1505 arcitenentem
1159 1441 1231 1505 Deli
1261 1442 1383 1507 divinae

358 1567 523 1643 reetorem,
549 1582 674 1644 poscens
700 1558 833 1643 aliquam
859 1558 918 1623 sibi
930 1558 1110 1645 popularem
1131 1557 1272 1636 laudem,
1292 1567 1382 1624 nocte

357 1678 418 1743 snb
438 1678 499 1741 dio.
536 1677 707 1763 Respondit
728 1676 755 1741 ei
775 1676 923 1741 distincta
942 1699 1001 1741 voa
1021 1686 1148 1763 paterna
1170 1678 1382 1761 quaesivitque

357 1818 446 1859 enm:
479 1796 592 1879 Surge,
625 1796 685 1873 fili,
719 1794 780 1860 hue
812 1794 961 1860 celebrem
993 1794 1026 1857 in
1056 1794 1160 1859 locum
1192 1804 1227 1859 ut
1258 1795 1379 1872 verrias,

358 1936 464 1978 rocem
487 1921 622 1977 secutus.
659 1912 820 1977 Venerunt
845 1912 899 1977 alti
924 1905 1041 1997 petram
1066 1912 1194 1978 arduam
1218 1912 1341 1977 Cronii:
1356 1913 1381 1995 ³)

356 2032 401 2097 ibi
425 2031 512 2095 dedit
535 2031 562 2095 ei
586 2030 740 2115 duplicem
765 2030 945 2096 thesaurum
970 2031 1122 2109 vaticinii,
1147 2053 1231 2097 nunc
1255 2032 1378 2117 quidem

358 2158 395 2214 ut
426 2173 529 2215 vocem
562 2149 684 2213 audiret
712 2148 862 2213 mendacii
886 2150 1095 2233 ignorantem
1121 2159 1281 2235 postquam
1308 2173 1378 2215 vero

358 2268 510 2333 Hercules
545 2267 632 2331 sortis
670 2268 748 2352 patri
783 2268 894 2333 festum
931 2267 1119 2333 condidisset
1150 2269 1381 2351 maximumque

357 2392 529 2460 certamen,
562 2396 629 2449 tum
661 2394 697 2449 ut
727 2385 812 2449 Jovis
845 2386 877 2449 in
909 2408 1032 2450 summa
1053 2408 1104 2449 ara
1127 2385 1286 2451 oraculum
1310 2408 1380 2449 eon·

357 2503 444 2567 deret
479 2504 649 2589 imperavit.
702 2502 785 2567 Hinc
820 2503 988 2568 clarissima
1022 2504 1053 2568 in
1089 2503 1272 2569 Hellenibus
1303 2528 1379 2590 gens

357 2619 551 2685 Jamidarnm
576 2630 631 2685 est.
645 2624 671 2704 4)

403 2738 550 2803 Jueuuda
584 2761 707 2823 quoque
739 2739 776 2803 de
809 2738 878 2803 Sole
911 2740 1044 2803 narratio
1075 2748 1130 2803 est.
1185 2739 1250 2819 Qui
1282 2762 1378 2824 quum

355 2868 467 2941 rogatu
501 2880 558 2922 suo
589 2858 619 2921 in
649 2858 783 2923 Deorum
811 2858 942 2922 concilio
966 2857 1110 2925 Rhodum
1135 2859 1317 2944 accepisset,
1341 2880 1379 2923 ex

356 2998 454 3059 eaque
490 2975 568 3039 filios
600 2982 804 3059 procreasset,
838 2974 946 3040 docuit
977 2998 1046 3054 eos,
1079 2977 1207 3041 simulac
1239 2977 1379 3042 Minerva

358 3093 548 3176 provenisset
579 3116 595 3156 e
627 3093 711 3155 Jovis
744 3094 860 3177 capite,
895 3094 1009 3178 primos
1040 3095 1124 3159 Deae
1155 3117 1268 3178 ponere
1291 3118 1375 3159 aras:

358 3220 453 3293 atque
468 3208 592 3295 Jupiter
607 3210 741 3274 multum
759 3211 788 3274 iu
807 3234 858 3275 eos
875 3234 985 3276 aurum
1002 3212 1135 3289 demisit,
1151 3213 1219 3297 ipsa
1235 3234 1305 3277 vero
1321 3212 1379 3275 Mi·

356 3348 455 3391 nerva
472 3328 511 3391 iis
531 3328 616 3393 dedit
636 3329 718 3392 omni
735 3338 799 3393 arte
815 3352 964 3395 manuum
981 3339 1134 3416 praestare
1149 3329 1340 3394 mortalibus.
1355 3333 1378 3413 Β)

405 3444 542 3509 Omnino
565 3454 669 3510 autem
693 3469 785 3530 quarn
810 3447 925 3513 luerint
945 3447 998 3511 Dii
1017 3447 1163 3512 heroibus
1183 3447 1326 3533 propitii,
1348 3458 1379 3512 et

356 3586 374 3626 e
395 3562 523 3646 reliquis
542 3562 669 3627 Pindari
689 3564 874 3630 carminibus
893 3572 924 3629 et
945 3588 962 3629 e
981 3564 1094 3649 Pythio
1115 3573 1224 3648 quarto
1245 3564 1377 3650 intelligi

355 3754 538 3767 -n—-t-

391 3859 415 3919 1)
434 3856 471 3907 Ab
489 3862 521 3909 ἴον
540 3856 611 3905 viola.
646 3856 682 3905 De
702 3855 837 3918 hujusmodi
850 3854 913 3921 apud
926 3858 1010 3919 poitur
1021 3854 1168 3918 etymologia
1178 3855 1242 3904 coni.
1276 3856 1377 3915 maci,

352 3954 397 4005 die
420 3952 656 4018 upracapeuoeopkie
680 3951 725 4000 der
746 3952 833 4009 Alica,
858 3950 897 3999 Ti.
916 3950 972 4001 ΙΙΙ.
986 3966 1014 4013 p,
1032 3950 1072 3999 lo.
1106 3950 1144 3999 Dc
1159 3950 1274 4015 opinione
1291 3951 1377 4000 divini·

353 4050 414 4098 tntis
433 4062 475 4111 per
492 4047 652 4097 nutritionem
670 4046 721 4095 siaa
738 4046 792 4095 cibo
810 4046 915 4095 humano
935 4044 1041 4094 divinam
1059 4044 1098 4094 rel
1115 4044 1213 4095 inducta
1230 4046 1267 4095 vel
1285 4046 1377 4095 contir-

351 4148 421 4193 mata
438 4142 503 4192 coni.
540 4142 598 4191 Cari
616 4141 739 4190 Friedrich
757 4140 889 4199 Heinrich,
909 4141 1059 4203 Epimenides
1074 4157 1120 4189 am
1139 4141 1228 4199 meta,
1242 4158 1268 4204 p.
1286 4142 1326 4190 66.

389 4238 414 4299 2)
432 4237 491 4286 litat
508 4236 607 4285 Euadne
624 4236 725 4285 Pitanae
743 4240 768 4284 et
785 4235 892 4300 Neptuni
911 4234 970 4285 filia.

388 4334 414 4393 8)
432 4333 476 4382 ua
493 4326 598 4381 Cronius
615 4330 723 4380 tumulae
740 4346 814 4395 prope
832 4329 919 4379 Pisum.
987 4335 1013 4391 4)
1033 4331 1070 4380 Ol.
1092 4332 1134 4380 Vl.
1151 4330 1275 4379 48--12n

390 4430 416 4488 5)
435 4428 472 4478 01.
495 4427 553 4477 711.
571 4424 601 4478 71
620 4440 681 4489 seqq,
