3725 5542
1007 716 1047 776 18

515 910 651 976 Deorum
681 934 778 996 genus
809 920 873 977 est:
902 935 939 977 ex
966 936 1029 977 una
1051 922 1148 979 mutre
1171 917 1324 1000 spiramus
1347 919 1457 982 umbo:
1481 918 1533 982 sed

513 1039 579 1094 totu
610 1039 730 1117 separet
758 1030 875 1097 diverso
900 1034 1056 1118 potentie,
1082 1042 1118 1097 nt
1140 1057 1237 1119 genus
1261 1035 1432 1101 humanum
1454 1037 1533 1101 nihil

514 1150 571 1227 sit,
607 1150 727 1214 eoelum
763 1173 833 1215 vero
868 1174 997 1217 aeneum
1033 1151 1096 1216 lubi
1131 1154 1234 1217 neseis
1263 1176 1382 1240 semper
1412 1166 1535 1221 manent

513 1268 632 1333 sedes.”
647 1270 670 1351 1)
716 1270 813 1334 Abest
843 1270 943 1335 omnis
965 1293 984 1334 u
1006 1270 1074 1335 Diis
1098 1271 1235 1335 humens
1260 1272 1471 1337 imbecillitas:
1495 1274 1535 1337 ir·

511 1388 570 1451 rite
589 1410 681 1473 opere
700 1388 797 1453 iecere
816 1412 880 1453 non
902 1399 1042 1473 possunt.
1077 1390 1242 1455 'liuditum
1262 1391 1323 1455 init
1344 1393 1534 1476 antiquitus,

512 1506 551 1569 ab
574 1504 719 1589 Apolline
742 1529 777 1569 ae
801 1506 951 1591 Neptuno
975 1507 1135 1572 aedificata
1156 1509 1250 1574 fuisse
1267 1511 1389 1573 moenis
1406 1509 1532 1593 Trojue,

511 1623 616 1687 eudem
641 1646 712 1687 vero
736 1646 839 1688 eversu
863 1634 981 1709 postea.
1028 1624 1131 1705 Quum
1155 1627 1292 1692 sabulum
1314 1628 1360 1691 itu
1381 1628 1534 1692 Pindarus

513 1742 703 1821 emendavit,
736 1752 771 1807 ut
803 1742 942 1809 Deorum
973 1767 1066 1829 opere
1091 1746 1190 1829 perire
1218 1768 1279 1809 non
1303 1768 1391 1830 posse
1414 1747 1532 1812 docent.

511 1858 591 1925 Num
613 1864 748 1925 Aeaeum
769 1870 918 1927 vocarunt
938 1863 1018 1926 muri
1038 1863 1171 1928 faciendi
1190 1848 1324 1941 socium,
1345 1866 1419 1948 quis
1434 1866 1533 1929 fatum

510 1978 642 2056 ferebat,
663 2001 785 2043 murum
809 2001 879 2043 eum
899 1980 989 2043 bellis
1010 1981 1086 2044 ortis
1106 1980 1138 2045 in
1158 1982 1251 2044 vestis
1267 1980 1391 2066 proeliis
1406 2004 1534 2065 magnos

509 2098 610 2163 firmos
641 2122 707 2163 esse
738 2100 974 2183 exspireturum.
1021 2100 1190 2184 Serpentes
1217 2100 1350 2165 caerulei
1373 2102 1405 2165 in
1428 2122 1533 2165 reeens

507 2217 624 2281 factum
655 2239 778 2281 murum
803 2218 990 2282 insiluemnt
1013 2226 1092 2281 tres:
1117 2217 1180 2281 duo
1204 2218 1382 2282 cecideruut
1405 2228 1436 2282 et
1459 2241 1530 2283 eon·

507 2336 595 2399 tinuo
626 2336 722 2399 territi
751 2336 901 2400 miseruut
923 2336 1059 2399 enimus:
1084 2358 1165 2400 unus
1189 2358 1261 2400 vero
1284 2336 1447 2400 insultavit
1468 2337 1528 2400 elu-

507 2476 604 2517 muus.
660 2452 813 2537 Exposuit
847 2476 1010 2518 occurrens
1045 2453 1219 2538 prodigium
1256 2454 1360 2518 stetim
1395 2454 1525 2538 Apollo:

507 2571 697 2656 „Pergamus
721 2572 752 2636 in
779 2582 867 2648 tuse,
893 2573 1000 2648 heros,
1025 2594 1133 2636 munus
1158 2594 1249 2657 opere
1271 2573 1424 2656 eapitur.''
1438 2573 1463 2654 2)

551 2690 656 2753 Brevis
692 2698 793 2754 nutem
830 2690 883 2753 sed
918 2691 1019 2775 gravis
1053 2692 1152 2753 oratio
1187 2700 1233 2754 est
1267 2690 1306 2754 de
1338 2691 1525 2775 Amphitruo

506 2816 638 2871 mortuo.
669 2807 850 2897 ¹Dnnerunt
877 2808 952 2872 olim
978 2807 1085 2892 Argivi
1109 2809 1275 2871 exereitum
1298 2807 1438 2885 Thebes,
1464 2830 1525 2872 non

506 2926 555 2989 usi
578 2925 686 2989 faustis
709 2926 882 3004 ominibus,
908 2948 965 2989 uec
984 2926 1045 2989 fuit
1064 2926 1102 2988 iis
1121 2925 1245 3010 Jupiter
1264 2925 1426 3011 propitius.
1461 2924 1526 3004 Qui

505 3043 597 3106 scidit
616 3043 826 3126 omnipotente
845 3042 974 3107 fulmine
990 3052 1103 3106 terrum
1118 3042 1303 3126 profundam
1320 3042 1524 3128 Amphiarao,

506 3182 638 3243 eumque
662 3182 731 3224 curn
756 3180 848 3222 curru
872 3160 991 3236 obruit,
1016 3160 1197 3244 priusquam
1221 3168 1308 3244 tergo
1332 3159 1421 3222 husu
1443 3157 1525 3221 Peri·

504 3277 634 3361 clymeni
660 3298 747 3341 caeso
772 3276 863 3340 ierret
887 3278 958 3340 lorti
984 3277 1086 3340 animo
1110 3277 1326 3359 ignominium:

912 3396 1028 3471 ἒνγὰρ

772 3512 938 3589 δκιμονίοισι
961 3512 1067 3594 φόβοις

770 3629 912 3711 Φεύγοντι
935 3630 986 3695 καὶ
1010 3629 1116 3701 παῖδες
1138 3631 1215 3695 θεῶν.

503 3770 570 3812 unm
593 3748 626 3811 in
649 3749 759 3813 divinis
782 3749 942 3813 umoribus
954 3751 1087 3834 suffiunt
1108 3749 1200 3813 etiam
1212 3748 1279 3831 fito·
1301 3748 1440 3817 Domn.
1453 3746 1478 3829 ⁸)

548 3864 739 3932 Protulimus
770 3866 863 3943 hoec,
894 3889 956 3951 quo
983 3868 1080 3951 magis
1102 3866 1345 3950 intelligeretur,
1370 3872 1522 3949 quantum

503 4006 616 4049 numen
651 3992 829 4069 quanteque
865 3986 910 4048 vis
941 3984 1078 4050 Deorum
1109 3986 1159 4048 sit.
1216 3984 1298 4050 Num
1330 3986 1403 4049 haee
1436 3992 1523 4049 tantu

502 4124 606 4166 eornm
638 4102 772 4187 dignitus
804 4124 839 4167 ue
869 4104 1027 4187 potentie,
1059 4125 1121 4186 qun
1145 4110 1301 4188 praestent
1323 4101 1520 4178 hominibus,

499 4240 595 4283 ceusu
618 4219 770 4284 vindictae
794 4228 854 4295 est,
879 4220 907 4283 si
930 4242 1022 4303 quem
1043 4220 1181 4297 videant,
1201 4221 1255 4304 qui
1275 4242 1307 4284 se
1325 4229 1521 4285 oontemuere

532 4472 555 4534 l)
572 4476 638 4525 Nem.
660 4475 701 4525 71.
721 4474 793 4525 1-7.
861 4476 887 4535 2)
907 4476 945 4525 01.
967 4476 1041 4526 7111.
1057 4475 1167 4525 el-tt.
1234 4476 1260 4537 3)
1272 4477 1337 4526 Nm.
1351 4474 1394 4525 11.
1411 4474 1517 4527 tt-os.
