3725 5542
819 721 882 779 469

344 917 382 982 de
406 940 513 1002 pecore
536 917 668 996 dieitur,
693 941 780 1004 egros
804 918 1002 1003 deposcente:
1028 927 1095 982 tum
1120 918 1261 982 universe
1277 918 1360 982 invu-

342 1035 435 1098 dendi
458 1037 613 1100 notionem
637 1037 746 1113 hebet,
772 1059 806 1100 ao
829 1035 867 1099 de
890 1036 962 1120 igne
985 1035 1118 1112 dicitur,
1141 1035 1226 1100 velut
1242 1034 1357 1098 Herod.

344 1153 373 1214 V
399 1156 459 1216 161
490 1154 546 1217 dr?
571 1154 659 1227 οἰκίης
682 1156 712 1225 ἐς
735 1155 821 1228 οἰκίην
844 1153 883 1218 ἰὸν
905 1153 939 1218 τὸ
965 1159 1022 1233 πῦρ
1046 1153 1203 1230 ἐπενέμετο
1225 1153 1259 1217 το
1281 1153 1359 1218 doro

341 1269 434 1336 ἅπαν.
482 1271 528 1334 De
559 1271 667 1336 tubere
697 1271 912 1356 progrediente
945 1269 998 1334 ΙΙΙ
1035 1273 1095 1336 133
1121 1276 1214 1350 Φῦμα
1236 1272 1359 1351 ἐκραγὲν

341 1388 457 1462 ἐνέμετο
487 1388 591 1467 τρόπον.
638 1389 685 1452 De
717 1388 823 1452 morbo
853 1387 993 1472 Thucyd.
1025 1386 1059 1450 ΙΙ
1092 1391 1152 1465 54,
1186 1387 1359 1464 ἐπενείματο

340 1507 465 1580 Ἀθήνας
487 1506 635 1582 μα’λιοτα.
671 1507 719 1570 De
742 1506 811 1571 eliis
834 1506 925 1571 rebus
947 1506 1215 1592 progredientibus
1232 1512 1262 1569 et
1277 1527 1360 1590 gres·

340 1623 497 1702 sentibus,
530 1625 640 1688 Aesoh.
674 1626 784 1709 Agam.
817 1627 899 1700 486,
935 1623 1018 1708 apud
1049 1623 1224 1688 Heusdium
1255 1625 1318 1687 437
1345 1624 1358 1689 d

340 1739 427 1813 θῆλυς
457 1737 515 1819 ὅρος
546 1743 717 1818 ἐπινέμεται
749 1743 935 1822 ταχύποροςε
960 1740 1044 1806 Plus.
1071 1741 1161 1805 Galb.
1191 1743 1230 1803 16
1254 1747 1305 1805 τοῦ
1328 1741 1358 1805 δὲ

230 1913 234 1921 .
341 1857 520 1938 πράγματος
554 1858 613 1938 ὅρον
646 1863 697 1924 οὐκ
731 1860 849 1940 ἔχοντος
884 1859 970 1924 dunt
1002 1859 1089 1940 πδρρω
1121 1857 1275 1936 νεμομένου
1306 1857 1357 1922 καὶ

340 1976 482 2054 προϊόντος
516 1978 563 2040 ἐπὶ
599 1991 734 2048 πολλονς.
782 1977 871 2040 Oonf.
907 1975 1024 2040 Heusd.
1061 1975 1099 2039 ad
1131 1979 1240 2059 Agem.
1287 1975 1357 2040 Hoc

340 2102 444 2157 sutem
474 2094 542 2158 loco
572 2116 635 2158 non
666 2095 820 2158 hostiliter
846 2094 1012 2159 invadendi
1035 2093 1088 2158 sed
1112 2101 1215 2158 temen
1238 2094 1357 2159 fortiter

340 2211 469 2275 feriendi
484 2211 576 2276 habet
593 2212 857 2296 significationem.
892 2211 925 2276 Si
942 2213 991 2276 oui
1005 2211 1126 2276 videtur
1139 2213 1226 2275 fortis
1239 2212 1355 2288 oratio,

340 2328 476 2412 ejusdem
488 2329 573 2393 modi
585 2340 632 2393 est
644 2333 697 2393 34.
722 2330 909 2409 Ἀκρε-ιτήοιον
917 2330 1036 2401 ’Ἄλιδος
1049 2338 1095 2394 est
1107 2351 1195 2394 mons
1207 2328 1355 2393 Cronius:

340 2445 421 2509 conf.
446 2445 538 2510 01.1
564 2449 645 2524 179,
671 2447 701 2509 X
726 2450 778 2511 60.
815 2447 864 2512 Ad
889 2447 1049 2533 epitheton
1071 2445 1175 2522 σεμνὸν
1199 2447 1236 2510 oi.
1258 2445 1355 2510 Onv

340 2566 393 2626 43.
427 2562 533 2628 Jovem
559 2573 661 2628 eutem
686 2587 718 2626 vs
747 2567 785 2628 10
811 2565 984 2629 canendum
1007 2587 1073 2629 esse
1096 2569 1216 2642 monet,
1241 2565 1354 2651 quippe

341 2677 502 2766 Olympiae
525 2681 712 2766 praesidem:
738 2681 787 2746 Ol.
813 2681 830 2745 I
857 2685 915 2758 16,
940 2681 975 2745 II
998 2685 1029 2745 4.

389 2801 438 2863 13.
473 2799 591 2864 τοιοῖσδε
624 2800 773 2877 βέλεσσιν.
810 2799 908 2863 Suum
943 2799 1002 2863 hoo
1037 2821 1157 2864 carmen
1194 2799 1354 2884 significet.

339 2915 414 2980 Tele
443 2937 533 3000 saepe
561 2916 599 2980 de
627 2917 712 3001 poesi
742 2917 835 2980 dicit:
864 2914 915 2980 Ol.
940 2915 958 2979 I
983 2919 1064 2980 13οε
1089 2916 1143 3002 Py.
1168 2916 1186 2980 I
1210 2919 1250 2980 21
1275 2925 1354 2992 κῆλα

339 3031 369 3094 δὲ
399 3032 448 3096 καὶ
479 3033 618 3109 δαιμόνιον
640 3033 737 3109 θέλγει
760 3033 880 3115 Φοὲνας.
927 3032 975 3097 Of.
1000 3033 1107 3120 Eurip.
1131 3033 1243 3098 Troad.
1268 3035 1351 3097 444:

340 3147 511 3214 Cassandro
533 3150 564 3213 in
589 3149 799 3234 praedicendis
823 3149 943 3235 Ulyssis
966 3151 1054 3215 fetis:

428 3267 513 3331 eut
540 3267 599 3345 νοὶρ
622 3268 653 3331 τί
674 3268 741 3338 τοὺς
765 3267 929 3341 Ὀδυσσέος
953 3267 1123 3348 ἐξακοντίζω
1147 3268 1262 3346 uturum

339 3383 445 3462 Pisto,
477 3385 525 3448 De
554 3383 629 3469 Leg.
660 3383 707 3448 IV
738 3388 799 3452 717
834 3409 869 3464 a,
899 3387 991 3452 etiem
1015 3386 1138 3472 pietatis
1162 3385 1262 3450 offioia
1284 3387 1353 3451 telis

338 3509 512 3587 comparat,
537 3502 575 3566 ed
598 3502 681 3568 Deos
705 3504 815 3568 missis.

386 3621 438 3682 14.
472 3619 520 3683 De
544 3619 665 3705 Pelopis
688 3621 781 3686 laude
806 3620 968 3707 Olympios
992 3621 1172 3708 nuptiisque
1197 3621 1354 3708 Hippoda-

338 3735 417 3799 miae
440 3736 501 3800 vid.
526 3734 576 3801 01.
601 3736 627 3801 Ι.

386 3854 437 3915 18.
472 3854 600 3918 Πυθῶνα.
635 3855 742 3935 Quum
771 3856 937 3935 hocloco,
962 3857 1077 3942 puriter
1100 3865 1192 3941 utque
1216 3880 1265 3920 vss
1291 3858 1352 3932 28,

339 3973 399 4048 29,
420 3969 599 4055 Pythiorum
620 3973 742 4038 leudem
759 3974 853 4039 Poeta
869 3975 1037 4060 conjungat
1053 3997 1122 4040 oum
1139 3975 1231 4040 leude
1248 3973 1354 4060 Olym·

338 4088 423 4173 pice,
455 4097 576 4173 posteo,
605 4112 695 4168 vero,
727 4092 799 4156 inde
831 4115 849 4156 a
880 4116 912 4155 vs
946 4095 1008 4156 126
1042 4093 1080 4158 ud
1113 4096 1193 4170 151,
1217 4094 1352 4180 reliques

337 4207 398 4270 fere
422 4205 618 4292 Ephurmosti
640 4219 856 4273 commemoret
879 4211 1036 4286 victorias,
1059 4213 1161 4297 potuit
1176 4211 1209 4276 id
1226 4211 1351 4296 quidem

336 4323 434 4387 iuuere
464 4329 589 4409 propter
620 4324 765 4408 majorem
794 4327 919 4393 illorum
952 4329 1084 4394 duorum
1116 4329 1264 4415 glorium,
1298 4328 1351 4392 sed

336 4442 400 4504 veri
431 4450 532 4506 temen
561 4441 661 4506 simile
683 4450 746 4522 est,
771 4444 865 4509 fuisse
890 4446 1087 4533 Ephurmosti
1113 4447 1286 4532 partemin
1312 4447 1351 4510 iis
1411 4423 1414 4432 .
