3725 5542
830 726 893 788 825

358 928 452 992 terius
475 946 578 992 vuum
603 950 667 992 esse
691 926 789 992 credo.
826 926 940 992 Similis
963 927 1116 991 sententia
1134 934 1181 991 est
1200 924 1250 989 01.
1273 924 1290 989 Ι
1312 928 1363 989 13.

358 1046 515 1123 Ceterum,
540 1045 571 1109 id
595 1044 675 1130 quod
700 1046 788 1130 quasi
811 1046 843 1109 in
867 1046 999 1111 transitu
1020 1066 1144 1122 moneo,
1161 1045 1262 1130 ipsum
1279 1066 1365 1108 voca

357 1165 464 1230 bulum
487 1164 608 1245 θεόμοροι
631 1164 783 1243 ostendit,
809 1186 899 1249 quam
923 1165 964 1228 sit
986 1163 1139 1250 partiendi
1161 1173 1192 1228 et
1206 1163 1364 1228 dividendi

357 1283 538 1369 significatio
569 1306 657 1369 saepe
689 1283 793 1348 eadem
826 1306 860 1347 ac
890 1282 1071 1368 simpliciter
1100 1282 1210 1347 dandi:
1242 1305 1277 1346 ex
1302 1304 1363 1367 qno

357 1402 439 1488 apud
463 1395 627 1467 Horatium
649 1400 686 1465 L.
706 1401 723 1465 I
743 1400 802 1466 Od.
823 1401 882 1466 XV
906 1404 945 1467 15
969 1384 1106 1466 carmina
1127 1400 1263 1466 dividere
1285 1400 1363 1465 nihil

357 1520 441 1586 aliud
465 1521 635 1606 significare
658 1521 748 1585 eredo
772 1520 831 1585 uisi
854 1521 989 1585 carmina
1011 1520 1084 1584 dare
1107 1519 1154 1584 vel
1177 1518 1328 1584 exhibere.

403 1642 453 1703 19.
488 1633 593 1721 ᾧτινι.
630 1638 779 1704 Universe
803 1638 937 1725 positum
961 1646 1021 1716 est,
1040 1660 1098 1703 nec
1118 1637 1156 1702 ad
1176 1637 1360 1716 Therouem,

355 1756 408 1823 sed
432 1757 470 1822 ad
493 1758 650 1838 οένθρόνιονς
675 1756 877 1823 referendum.

400 1879 452 1941 21.
487 1876 702 1949 Ἑλλανοδίκας.
738 1876 835 1941 Fuere
858 1874 1076 1941 Hellenodiose
1096 1876 1249 1961 praesides
1268 1886 1298 1941 et
1314 1879 1362 1961 jn-

354 1995 436 2061 dices
466 1996 681 2061 certaminum:
716 2017 827 2060 nomen
855 2017 961 2060 eorum
985 1995 1058 2059 inde
1080 1994 1252 2073 derivatur,
1278 1996 1361 2079 quod

354 2135 457 2179 eornm
482 2113 682 2180 certaminum
706 2113 815 2177 Graeci
838 2120 960 2178 tantum
984 2124 1072 2177 erant
1094 2113 1268 2198 participes,
1313 2112 1362 2175 De

354 2254 481 2297 numero
511 2254 615 2296 eornm
647 2232 730 2295 varia
756 2231 922 2296 traduntur
944 2253 1001 2296 nee
1023 2232 1104 2296 inter
1125 2254 1158 2295 se
1181 2232 1361 2297 convenien·
1462 2220 1467 2235 ⁶

354 2354 413 2417 tia:
447 2351 504 2415 hoc
535 2328 636 2416 tamen
668 2351 706 2417 ab
737 2350 879 2416 omnibus
903 2349 1053 2429 truditur,
1078 2351 1171 2416 fnisse
1192 2350 1282 2415 illum
1306 2373 1361 2415 nu·
1428 2350 1436 2376 ‘

355 2494 472 2537 merum
494 2493 556 2535 non
581 2492 699 2555 semper
722 2469 862 2535 eundem.

285 2612 289 2621 ’
398 2593 450 2654 21.
484 2588 654 2672 βλιψοθριον.
690 2588 830 2653 Pauwius
861 2588 1022 2674 conjungit
1044 2611 1115 2652 eum
1137 2588 1276 2671 νἰτρέιιης,
1301 2590 1360 2675 sig·

353 2709 468 2773 nificari
491 2710 667 2774 existimans
687 2708 838 2793 judicem,
864 2708 953 2793 cujus
972 2706 1057 2771 oculi
1074 2706 1154 2771 nssril
1173 2707 1233 2771 nisi
1254 2730 1358 2772 vuum

352 2827 484 2891 videant.
524 2826 594 2893 Non
619 2834 708 2891 reete.
745 2824 943 2912 iungendum
968 2832 1108 2890 osteum
1131 2824 1243 2905 ὑψόθεν.
1278 2824 1358 2891 Gnm

328 2946 488 3043 ‘genitivo
523 2945 582 3009 hoo
618 2946 709 3047 etiam
743 2946 884 3030 ponitur,
916 2944 1020 3009 locum
1051 2944 1243 3030 significans,
1275 2943 1356 3030 apud

310 3122 320 3149 ⁸
354 3064 456 3151 Apoll.
477 3064 535 3129 Rh.
557 3063 592 3128 Π
616 3066 680 3127 806
703 3064 900 3144 Ἀχερονσιθος
925 3063 1028 3143 ὑψόθεν
1050 3061 1138 3144 ἄοινος
1156 3059 1270 3141 stream
1288 3062 1358 3143 ἱερὸν

352 3184 440 3259 οιθπθ,
465 3190 496 3247 et
518 3182 601 3268 apud
625 3184 753 3246 Aratum
778 3184 820 3243 26
844 3180 946 3261 ὑψόθεν
969 3185 1109 3247 ιθκεοινοΐο.
1141 3181 1256 3246 Similis
1275 3182 1357 3267 apud

352 3306 572 3367 Anacreontem
596 3301 746 3367 sententia
768 3308 831 3379 est,
857 3302 915 3378 62,
1165 3324 1168 3331 ·

662 3420 709 3485 ἐπὶ
733 3421 757 3487 δ’
777 3420 895 3501 όψρθσιν
918 3422 1035 3485 σελίνων

661 3542 871 3624 στεψονθοκονς
894 3540 1012 3618 θέμενοι.

397 3663 448 3725 22.
473 3662 611 3727 Αἰτωλόν.
637 3660 802 3726 Pausanias
819 3658 854 3724 L.
872 3658 900 3721 V
917 3658 952 3724 Ο.
970 3658 987 3723 Ι
1004 3663 1022 3721 2
1046 3658 1160 3737 „Eleos
1180 3660 1318 3724 novimus
1338 3680 1355 3721 e

351 3780 519 3865 Calydonia
537 3779 701 3865 etreliqua
717 3779 1041 3844 Aetoliatrensiisse.”
1065 3777 1213 3863 Oxylnm,
1230 3779 1355 3842 natione

352 3898 508 3976 Aetolum,
526 3898 614 3977 dicit,
631 3920 727 3983 quum
738 3898 916 3963 Heraclides
928 3898 1007 3962 viem
1024 3896 1187 3974 docuisset,
1204 3898 1353 3983 accepisse

346 4017 484 4096 undem,
509 4018 612 4101 ibique
636 4016 808 4083 consedisse
831 4026 862 4081 et
885 4039 954 4081 eum
980 4017 1130 4081 veteribus
1154 4015 1245 4102 Epeis
1262 4018 1353 4081 Aeto·

313 4180 321 4189 ,
348 4138 394 4201 los
413 4137 620 4222 oonjmsxisse,
641 4136 803 4222 ipsumque
822 4135 912 4199 ludos
932 4135 1051 4199 fecisse:
1076 4133 1110 4198 C.
1129 4132 1234 4211 1115,
1252 4132 1298 4197 IV
1318 4137 1349 4210 1,

348 4254 428 4319 VIII
452 4257 482 4318 2.
522 4256 625 4338 Atque
648 4253 740 4339 Oxyli
763 4254 826 4318 filio
850 4276 947 4339 usque
970 4253 1009 4317 ad
1032 4252 1202 4317 Pausaniae
1221 4260 1351 4317 aetatem

346 4398 480 4441 mansere
515 4396 598 4439 soora
630 4374 808 4461 Olympiae:
844 4374 879 4439 Ο.
915 4373 962 4437 IV
994 4377 1023 4438 2.
1071 4372 1174 4439 Etiam
1208 4372 1349 4459 Iphitus,

347 4502 453 4579 postes
475 4494 617 4559 ludorum
641 4495 841 4573 instaurator,
866 4516 902 4559 ex
922 4491 1015 4579 Oxyli
1033 4514 1143 4579 genere
1162 4492 1251 4577 fuit..
1266 4490 1351 4555 Haeo
