3725 5542
500 922 606 985 dcnat
652 921 825 984 Scholiasta
855 929 956 984 vetus:
988 926 1005 996 ἡ
1035 921 1153 988 θάλλειν
1183 922 1290 992 αὐτοὺς
1320 927 1442 987 ποιοῦσα
1468 921 1518 986 ui

501 1037 581 1101 οἱονεὶ
604 1037 655 1117 ζῆν
677 1037 835 1106 διαπαντὸς
858 1039 1129 1114 μιηιιινευιμέιιυς.
1174 1037 1298 1102 Dicitur
1320 1037 1353 1100 id
1377 1046 1518 1122 respectu

499 1155 688 1231 carminum,
720 1161 756 1217 ut
786 1163 872 1238 patet
903 1178 940 1219 ex
968 1153 1222 1238 praecedentibus
1246 1162 1277 1218 et
1300 1154 1517 1238 sequentibus:

500 1294 598 1356 quum
620 1279 723 1336 tamen
739 1273 881 1335 universe
896 1271 973 1335 baec
989 1273 1034 1336 vis
1051 1272 1176 1336 Gratiae
1193 1271 1289 1335 tribui
1305 1272 1417 1336 soleat:
1435 1273 1520 1338 velut

500 1386 552 1451 01.
578 1387 605 1450 Ι.
630 1390 673 1450 48
701 1385 777 1467 ὅπερ
799 1386 922 1452 ἅπαντα
944 1389 1048 1469 τεύχει
1070 1389 1112 1453 τὰ
1134 1389 1265 1468 μείλιχα
1287 1391 1398 1459 inercie
1425 1391 1467 1452 tt
1485 1389 1517 1453 in

500 1503 554 1567 illa
580 1503 677 1567 altera
700 1505 924 1588 significatione
948 1504 1029 1589 apud
1055 1503 1244 1588 Hesycbinm
1268 1511 1315 1566 est
1336 1503 1514 1584 ζωδιέλμιιιι,

499 1620 630 1702 (derum,
653 1621 803 1697 βιώσιμον.
835 1621 877 1684 Et
899 1621 991 1686 Hom.
1017 1621 1131 1706 Hymn.
1155 1623 1188 1685 in
1212 1619 1290 1684 Veri.
1317 1623 1380 1684 19⁰
1396 1620 1515 1698 βιοθάλ-

500 1761 565 1814 μιος
587 1740 675 1820 ἀνὴρ,
699 1738 812 1801 vitalis.

547 1858 600 1917 21.
635 1856 729 1930 θαμὰ.
765 1853 814 1918 01.
838 1853 890 1919 01.
914 1854 932 1919 Ι
957 1857 1010 1918 25.

545 1974 598 2034 23.
633 1969 813 2056 Praeposito
836 1973 997 2036 universae
1020 1971 1122 2036 laudis
1145 1971 1350 2057 explicatione
1373 1969 1412 2034 ad
1436 1991 1521 2055 prae·

497 2094 616 2150 sentem
639 2086 763 2150 laudem
785 2087 940 2172 Diagorae
962 2088 1084 2152 transit.
1130 2088 1178 2152 De
1200 2089 1253 2152 aa!
1274 2113 1322 2152 ιιιν
1340 2086 1420 2151 coni.
1439 2107 1519 2170 quac

499 2205 645 2267 annotavi
668 2204 706 2266 ad
730 2202 782 2267 01.
806 2203 860 2267 ΠΙ
884 2207 938 2267 ol.

546 2322 600 2384 28.
634 2323 685 2384 ὑπ’
714 2321 898 2401 &pontana
933 2319 981 2383 Gi.
1011 2319 1061 2384 Ol.
1091 2319 1138 2383 IV
1161 2324 1183 2383 4
1206 2328 1238 2384 et
1260 2342 1339 2405 qnae
1361 2319 1406 2384 ibi
1428 2341 1522 2384 anno·

502 2437 646 2501 tavimus.

548 2556 602 2617 24.
635 2553 781 2629 κατέβαν.
816 2552 940 2617 Invitus
971 2554 1097 2636 quidem
1131 2553 1229 2631 facio,
1262 2553 1316 2616 sed
1347 2561 1450 2616 tamen
1480 2552 1518 2615 iis

503 2670 751 2756 respondendum
773 2671 878 2754 aliquo
901 2670 994 2734 modo
1016 2679 1112 2755 puto,
1138 2671 1192 2755 qui
1208 2693 1304 2754 quum
1319 2669 1398 2734 nihil
1413 2692 1432 2733 a
1446 2669 1518 2733 Pin-

502 2788 578 2852 daro
600 2789 661 2852 nisi
683 2810 718 2852 ex
743 2809 844 2852 rerum
867 2789 1092 2872 praesentium,
1116 2795 1152 2852 nt
1174 2789 1279 2872 ajunt,
1296 2787 1519 2872 significatione

502 2905 620 2970 dictum
636 2913 762 2990 putent,
780 2927 852 2969 suos
867 2907 928 2991 ipsi
943 2906 1177 2970 commentarios
1193 2905 1374 2969 commentis
1389 2904 1518 2988 replent,

503 3045 541 3086 ex
563 3022 698 3086 Pindaro
722 3045 793 3086 vero
816 3023 932 3087 tollunt
956 3023 1072 3108 poesin.
1090 3022 1244 3105 Equidem
1259 3023 1339 3085 tanti
1354 3022 1434 3086 facio
1449 3019 1520 3084 Pin·

503 3141 628 3218 darum,
652 3148 689 3204 ut
708 3139 836 3204 Pindari
850 3141 1048 3224 interpretem
1063 3161 1124 3203 non
1142 3148 1282 3225 oportere
1297 3137 1518 3222 disputatorem

502 3257 715 3341 importunum
747 3279 812 3320 esse
844 3256 1024 3320 existimem.
1071 3256 1154 3340 Ergo
1184 3256 1316 3320 invitum
1346 3277 1395 3320 me
1421 3255 1519 3319 iacere

503 3375 614 3437 iterum
646 3373 733 3449 dico,
765 3372 818 3435 sed
850 3379 952 3436 tamen
974 3373 1049 3456 quia
1071 3373 1102 3436 id
1127 3373 1165 3437 ad
1189 3381 1301 3436 rectam
1324 3371 1452 3436 Pindari
1473 3372 1519 3435 in·

501 3490 703 3575 teiligentiam
719 3491 873 3574 pertine-re
887 3489 1034 3566 arbitror,
1050 3489 1121 3553 illos
1135 3491 1307 3573 interrogo,
1324 3511 1363 3553 an
1379 3489 1516 3553 hocloco

501 3606 667 3692 significari
696 3607 890 3682 existiment,
923 3605 1093 3670 Pindarum
1124 3605 1297 3670 citharistas
1323 3613 1355 3668 et
1378 3604 1517 3670 tibicines

501 3724 699 3801 conduxisse,
724 3730 848 3787 etcum
871 3723 936 3786 illis
959 3723 1111 3807 Diagorae
1134 3723 1276 3787 comitem
1300 3722 1395 3786 fuisse
1417 3729 1448 3785 et
1466 3742 1519 3784 na-

500 3842 687 3926 vigationem
707 3841 791 3904 souis
807 3839 933 3904 illorum
950 3839 1113 3925 adjuvisse.
1150 3837 1239 3904 Ocni.
1256 3838 1307 3902 Ol.
1324 3839 1341 3902 Ι
1359 3840 1416 3914 16,
1436 3840 1517 3913 178,

501 3958 552 4022 01.
577 3957 624 4021 IV
649 3961 686 4034 5,
710 3956 761 4020 01.
787 3956 834 4020 vl
856 3960 910 4020 40.

546 4077 600 4138 25.
635 4075 720 4138 παῖδ’
742 4073 929 4153 Ἀφροὶίτιις.
966 4071 1165 4157 significatur
1187 4072 1251 4136 filia
1274 4071 1420 4148 Veneris,
1437 4070 1519 4134 Solis

501 4201 603 4257 autem
634 4193 757 4277 conjux.
793 4190 842 4254 Ab
874 4191 943 4254 aliis
972 4191 1144 4274 antiquitus
1175 4197 1206 4254 ct
1234 4189 1273 4253 ab
1297 4189 1419 4274 Heynio
1441 4189 1519 4252 exis·

501 4313 644 4375 timatnm
672 4317 735 4387 est,
762 4309 929 4393 significari
950 4309 1044 4374 filiam
1068 4310 1196 4374 Veneris
1218 4318 1250 4374 ct
1271 4309 1370 4386 Solis,
1393 4309 1516 4388 νύμφαν

503 4436 607 4492 autem
637 4425 777 4490 absolute
806 4425 942 4509 positum
965 4428 1111 4512 conjunffl'
1134 4449 1203 4490 cum
1226 4427 1326 4492 Ῥόδον.
1363 4425 1517 4512 Asclepia-
