<?xml version="1.0" encoding="UTF-8"?>
<!DOCTYPE html PUBLIC "-//W3C//DTD XHTML 1.0 Transitional//EN"
    "http://www.w3.org/TR/xhtml1/DTD/xhtml1-transitional.dtd">
<html xmlns="http://www.w3.org/1999/xhtml" xml:lang="en" lang="en">
 <head>
  <title>
</title>
<meta http-equiv="Content-Type" content="text/html;charset=utf-8" />
  <meta name='ocr-system' content='tesseract 3.04.00' />
  <meta name='ocr-capabilities' content='ocr_page ocr_carea ocr_par ocr_line ocrx_word'/>
</head>
<body>
  <div class='ocr_page' id='page_1' title='image "./pindaricarminao01pindgoog_0513.png"; bbox 0 0 3725 5542; ppageno 0'>
   <div class='ocr_carea' id='block_1_1' title="bbox 799 745 864 806">
    <p class='ocr_par' dir='ltr' id='par_1_1' title="bbox 799 745 864 806">
     <span class='ocr_line' id='line_1_1' title="bbox 799 745 864 806; baseline -0.031 0"><span class='ocrx_word' id='word_1_1' title='bbox 799 745 864 806; x_wconf 75' lang='lat'><strong>499</strong></span> 
     </span>
    </p>
   </div>
   <div class='ocr_carea' id='block_1_2' title="bbox 317 939 1454 4420">
    <p class='ocr_par' dir='ltr' id='par_1_2' title="bbox 324 939 1340 1732">
     <span class='ocr_line' id='line_1_2' title="bbox 372 939 1339 1027; baseline 0.007 -24"><span class='ocrx_word' id='word_1_2' title='bbox 372 939 526 1005; x_wconf 82' lang='lat' dir='ltr'>Proelium</span> <span class='ocrx_word' id='word_1_3' title='bbox 550 948 653 1007; x_wconf 87' lang='lat' dir='ltr'><strong>autem</strong></span> <span class='ocrx_word' id='word_1_4' title='bbox 677 942 820 1008; x_wconf 86' lang='lat' dir='ltr'><strong>Herculis</strong></span> <span class='ocrx_word' id='word_1_5' title='bbox 843 944 988 1008; x_wconf 77' lang='lat' dir='ltr'><strong>adversus</strong></span> <span class='ocrx_word' id='word_1_6' title='bbox 1008 943 1144 1027; x_wconf 80' lang='lat' dir='ltr'><strong>Cycnum</strong></span> <span class='ocrx_word' id='word_1_7' title='bbox 1162 947 1193 1010; x_wconf 93' lang='lat' dir='ltr'><strong>in</strong></span> <span class='ocrx_word' id='word_1_8' title='bbox 1211 946 1339 1010; x_wconf 87' lang='lat' dir='ltr'>Hesiodi</span> 
     </span>
     <span class='ocr_line' id='line_1_3' title="bbox 327 1059 1339 1140; baseline 0.007 -20"><span class='ocrx_word' id='word_1_9' title='bbox 327 1068 415 1121; x_wconf 84' lang='lat' dir='ltr'><strong>sento</strong></span> <span class='ocrx_word' id='word_1_10' title='bbox 430 1059 574 1124; x_wconf 86' lang='lat' dir='ltr'><strong>Herculis</strong></span> <span class='ocrx_word' id='word_1_11' title='bbox 590 1062 705 1125; x_wconf 88' lang='lat' dir='ltr'><strong>narrari</strong></span> <span class='ocrx_word' id='word_1_12' title='bbox 720 1070 828 1126; x_wconf 87' lang='lat' dir='ltr'><strong>notum</strong></span> <span class='ocrx_word' id='word_1_13' title='bbox 845 1072 908 1140; x_wconf 86' lang='lat' dir='ltr'><strong>cst,</strong></span> <span class='ocrx_word' id='word_1_14' title='bbox 926 1085 983 1126; x_wconf 89' lang='lat' dir='ltr'><strong>nee</strong></span> <span class='ocrx_word' id='word_1_15' title='bbox 998 1071 1099 1127; x_wconf 84' lang='lat' dir='ltr'><strong>tamen</strong></span> <span class='ocrx_word' id='word_1_16' title='bbox 1112 1064 1145 1127; x_wconf 88' lang='lat' dir='ltr'><strong>in</strong></span> <span class='ocrx_word' id='word_1_17' title='bbox 1158 1086 1193 1127; x_wconf 90' lang='lat' dir='ltr'><strong>eo</strong></span> <span class='ocrx_word' id='word_1_18' title='bbox 1205 1065 1339 1129; x_wconf 88' lang='lat' dir='ltr'><strong>carmine</strong></span> 
     </span>
     <span class='ocr_line' id='line_1_4' title="bbox 327 1176 1340 1262; baseline 0.007 -24"><span class='ocrx_word' id='word_1_19' title='bbox 327 1176 364 1239; x_wconf 87' lang='lat' dir='ltr'><strong>de</strong></span> <span class='ocrx_word' id='word_1_20' title='bbox 380 1176 523 1240; x_wconf 87' lang='lat' dir='ltr'><strong>Herculis</strong></span> <span class='ocrx_word' id='word_1_21' title='bbox 537 1178 612 1262; x_wconf 78' lang='lat' dir='ltr'><strong>fuga</strong></span> <span class='ocrx_word' id='word_1_22' title='bbox 622 1180 769 1242; x_wconf 88' lang='lat' dir='ltr'><strong>memoria</strong></span> <span class='ocrx_word' id='word_1_23' title='bbox 783 1186 842 1243; x_wconf 88' lang='lat' dir='ltr'><strong>est:</strong></span> <span class='ocrx_word' id='word_1_24' title='bbox 861 1201 966 1243; x_wconf 88' lang='lat' dir='ltr'><strong>verum</strong></span> <span class='ocrx_word' id='word_1_25' title='bbox 982 1180 1074 1243; x_wconf 77' lang='lat' dir='ltr'><strong>refert</strong></span> <span class='ocrx_word' id='word_1_26' title='bbox 1089 1180 1253 1244; x_wconf 80' lang='lat' dir='ltr'><strong>scholiasta</strong></span> <span class='ocrx_word' id='word_1_27' title='bbox 1268 1181 1340 1245; x_wconf 92' lang='lat' dir='ltr'><strong>Pin·</strong></span> 
     </span>
     <span class='ocr_line' id='line_1_5' title="bbox 326 1292 1339 1381; baseline 0.005 -25"><span class='ocrx_word' id='word_1_28' title='bbox 326 1292 407 1372; x_wconf 84' lang='lat' dir='ltr'><strong>dari,</strong></span> <span class='ocrx_word' id='word_1_29' title='bbox 431 1293 611 1372; x_wconf 86' lang='lat' dir='ltr'><strong>Herculem,</strong></span> <span class='ocrx_word' id='word_1_30' title='bbox 635 1317 732 1378; x_wconf 91' lang='lat' dir='ltr'><strong>quum</strong></span> <span class='ocrx_word' id='word_1_31' title='bbox 756 1296 840 1359; x_wconf 85' lang='lat' dir='ltr'><strong>Mara</strong></span> <span class='ocrx_word' id='word_1_32' title='bbox 857 1297 971 1360; x_wconf 81' lang='lat' dir='ltr'><strong>auxilio</strong></span> <span class='ocrx_word' id='word_1_33' title='bbox 987 1298 1121 1361; x_wconf 85' lang='lat' dir='ltr'><strong>venisset</strong></span> <span class='ocrx_word' id='word_1_34' title='bbox 1136 1297 1200 1360; x_wconf 85' lang='lat' dir='ltr'><strong>filio</strong></span> <span class='ocrx_word' id='word_1_35' title='bbox 1217 1296 1339 1381; x_wconf 80' lang='lat' dir='ltr'>Cycno,</span> 
     </span>
     <span class='ocr_line' id='line_1_6' title="bbox 326 1410 1340 1498; baseline 0.007 -26"><span class='ocrx_word' id='word_1_36' title='bbox 326 1412 458 1493; x_wconf 89' lang='lat' dir='ltr'><strong>primum</strong></span> <span class='ocrx_word' id='word_1_37' title='bbox 482 1410 598 1495; x_wconf 78' lang='lat' dir='ltr'><strong>fugisse</strong></span> <span class='ocrx_word' id='word_1_38' title='bbox 620 1412 747 1488; x_wconf 88' lang='lat' dir='ltr'><strong>timore,</strong></span> <span class='ocrx_word' id='word_1_39' title='bbox 772 1421 878 1496; x_wconf 86' lang='lat' dir='ltr'><strong>postea</strong></span> <span class='ocrx_word' id='word_1_40' title='bbox 900 1434 971 1476; x_wconf 83' lang='lat' dir='ltr'><strong>vero</strong></span> <span class='ocrx_word' id='word_1_41' title='bbox 996 1413 1033 1476; x_wconf 90' lang='lat' dir='ltr'><strong>ab</strong></span> <span class='ocrx_word' id='word_1_42' title='bbox 1056 1412 1110 1477; x_wconf 91' lang='lat' dir='ltr'><strong>illo</strong></span> <span class='ocrx_word' id='word_1_43' title='bbox 1133 1412 1270 1496; x_wconf 74' lang='lat' dir='ltr'><strong>Cycnum</strong></span> <span class='ocrx_word' id='word_1_44' title='bbox 1294 1415 1340 1498; x_wconf 93' lang='lat' dir='ltr'><strong>ip·</strong></span> 
     </span>
     <span class='ocr_line' id='line_1_7' title="bbox 325 1527 1338 1615; baseline 0.004 -26"><span class='ocrx_word' id='word_1_45' title='bbox 325 1548 411 1602; x_wconf 90' lang='lat' dir='ltr'><strong>sum,</strong></span> <span class='ocrx_word' id='word_1_46' title='bbox 444 1548 541 1609; x_wconf 91' lang='lat' dir='ltr'><strong>quum</strong></span> <span class='ocrx_word' id='word_1_47' title='bbox 566 1527 653 1591; x_wconf 86' lang='lat' dir='ltr'><strong>solus</strong></span> <span class='ocrx_word' id='word_1_48' title='bbox 675 1537 772 1604; x_wconf 86' lang='lat' dir='ltr'><strong>esset,</strong></span> <span class='ocrx_word' id='word_1_49' title='bbox 797 1529 913 1613; x_wconf 89' lang='lat' dir='ltr'><strong>proelio</strong></span> <span class='ocrx_word' id='word_1_50' title='bbox 937 1540 1115 1614; x_wconf 85' lang='lat' dir='ltr'><strong>superatum</strong></span> <span class='ocrx_word' id='word_1_51' title='bbox 1139 1552 1220 1593; x_wconf 83' lang='lat' dir='ltr'><strong>esse:</strong></span> <span class='ocrx_word' id='word_1_52' title='bbox 1244 1530 1338 1615; x_wconf 84' lang='lat' dir='ltr'><strong>idque</strong></span> 
     </span>
     <span class='ocr_line' id='line_1_8' title="bbox 324 1645 1337 1732; baseline 0.004 -23"><span class='ocrx_word' id='word_1_53' title='bbox 324 1654 483 1709; x_wconf 87' lang='lat' dir='ltr'><strong>narratum</strong></span> <span class='ocrx_word' id='word_1_54' title='bbox 506 1668 571 1709; x_wconf 87' lang='lat' dir='ltr'><strong>esse</strong></span> <span class='ocrx_word' id='word_1_55' title='bbox 594 1667 612 1708; x_wconf 91' lang='lat' dir='ltr'><strong>a</strong></span> <span class='ocrx_word' id='word_1_56' title='bbox 634 1645 824 1724; x_wconf 71' lang='lat' dir='ltr'>stesichoro,</span> <span class='ocrx_word' id='word_1_57' title='bbox 848 1649 879 1711; x_wconf 91' lang='lat' dir='ltr'><strong>in</strong></span> <span class='ocrx_word' id='word_1_58' title='bbox 905 1649 1039 1713; x_wconf 77' lang='lat' dir='ltr'><strong>carmine</strong></span> <span class='ocrx_word' id='word_1_59' title='bbox 1061 1648 1207 1732; x_wconf 89' lang='lat' dir='ltr'><strong>inscripto</strong></span> <span class='ocrx_word' id='word_1_60' title='bbox 1224 1648 1337 1732; x_wconf 81' lang='lat' dir='ltr'>Cycno.</span> 
     </span>
    </p>

    <p class='ocr_par' dir='ltr' id='par_1_3' title="bbox 323 1762 1454 2296">
     <span class='ocr_line' id='line_1_9' title="bbox 369 1762 1339 1849; baseline 0.003 -25"><span class='ocrx_word' id='word_1_61' title='bbox 369 1764 424 1826; x_wconf 79' lang='lat'><strong>20.</strong></span> <span class='ocrx_word' id='word_1_62' title='bbox 459 1762 577 1833; x_wconf 76' lang='grc' dir='ltr'><strong><em>πύκτας</em></strong></span> <span class='ocrx_word' id='word_1_63' title='bbox 600 1762 634 1827; x_wconf 70' lang='grc' dir='ltr'><strong>δ’.</strong></span> <span class='ocrx_word' id='word_1_64' title='bbox 675 1762 748 1826; x_wconf 90' lang='lat' dir='ltr'><strong>Non</strong></span> <span class='ocrx_word' id='word_1_65' title='bbox 771 1764 863 1840; x_wconf 86' lang='lat' dir='ltr'><strong>haec,</strong></span> <span class='ocrx_word' id='word_1_66' title='bbox 889 1772 924 1827; x_wconf 88' lang='lat' dir='ltr'><strong>nt</strong></span> <span class='ocrx_word' id='word_1_67' title='bbox 947 1764 1038 1827; x_wconf 86' lang='lat' dir='ltr'><strong>modo</strong></span> <span class='ocrx_word' id='word_1_68' title='bbox 1062 1765 1187 1841; x_wconf 86' lang='lat' dir='ltr'><strong>monui,</strong></span> <span class='ocrx_word' id='word_1_69' title='bbox 1211 1766 1339 1849; x_wconf 86' lang='lat' dir='ltr'><strong>conjun-</strong></span> 
     </span>
     <span class='ocr_line' id='line_1_10' title="bbox 324 1879 1454 1964; baseline 0.005 -23"><span class='ocrx_word' id='word_1_70' title='bbox 324 1879 424 1963; x_wconf 85' lang='lat' dir='ltr'><strong>genda</strong></span> <span class='ocrx_word' id='word_1_71' title='bbox 446 1888 521 1943; x_wconf 85' lang='lat' dir='ltr'><strong>aunt</strong></span> <span class='ocrx_word' id='word_1_72' title='bbox 543 1902 614 1944; x_wconf 90' lang='lat' dir='ltr'><strong>eum</strong></span> <span class='ocrx_word' id='word_1_73' title='bbox 638 1881 785 1964; x_wconf 81' lang='lat' dir='ltr'><strong>proximis</strong></span> <span class='ocrx_word' id='word_1_74' title='bbox 807 1880 903 1961; x_wconf 72' lang='grc' dir='ltr'><strong><em>τράπε</em></strong></span> <span class='ocrx_word' id='word_1_75' title='bbox 926 1882 973 1957; x_wconf 76' lang='grc' dir='ltr'><strong>δὲ,</strong></span> <span class='ocrx_word' id='word_1_76' title='bbox 999 1880 1051 1945; x_wconf 87' lang='lat' dir='ltr'><strong>sod</strong></span> <span class='ocrx_word' id='word_1_77' title='bbox 1075 1902 1144 1944; x_wconf 90' lang='lat' dir='ltr'><strong>cum</strong></span> <span class='ocrx_word' id='word_1_78' title='bbox 1170 1882 1247 1957; x_wconf 76' lang='grc' dir='ltr'><strong><em>νέμει</em></strong></span> <span class='ocrx_word' id='word_1_79' title='bbox 1266 1883 1336 1961; x_wconf 71' lang='grc' dir='ltr'><strong>γάρ.</strong></span> <span class='ocrx_word' id='word_1_80' title='bbox 1452 1904 1454 1907; x_wconf 92' lang='grc'><strong><em>·</em></strong></span> 
     </span>
     <span class='ocr_line' id='line_1_11' title="bbox 323 1996 1339 2082; baseline 0.002 -23"><span class='ocrx_word' id='word_1_81' title='bbox 323 1996 381 2060; x_wconf 81' lang='lat' dir='ltr'><strong>Est</strong></span> <span class='ocrx_word' id='word_1_82' title='bbox 409 1998 497 2067; x_wconf 79' lang='grc' dir='ltr'><strong><em>κοινὸς</em></strong></span> <span class='ocrx_word' id='word_1_83' title='bbox 526 1998 631 2078; x_wconf 66' lang='grc' dir='ltr'><strong>λόγος,</strong></span> <span class='ocrx_word' id='word_1_84' title='bbox 666 1998 779 2082; x_wconf 84' lang='lat' dir='ltr'>duplex</span> <span class='ocrx_word' id='word_1_85' title='bbox 810 1998 959 2062; x_wconf 83' lang='lat' dir='ltr'><strong>laudandi</strong></span> <span class='ocrx_word' id='word_1_86' title='bbox 989 2000 1133 2076; x_wconf 85' lang='lat' dir='ltr'><strong>materia,</strong></span> <span class='ocrx_word' id='word_1_87' title='bbox 1162 1999 1257 2063; x_wconf 85' lang='lat' dir='ltr'><strong>altera</strong></span> <span class='ocrx_word' id='word_1_88' title='bbox 1279 1998 1339 2061; x_wconf 91' lang='lat' dir='ltr'><strong>Lo-</strong></span> 
     </span>
     <span class='ocr_line' id='line_1_12' title="bbox 323 2115 1337 2200; baseline 0.002 -23"><span class='ocrx_word' id='word_1_89' title='bbox 323 2135 444 2177; x_wconf 88' lang='lat' dir='ltr'><strong>crorum</strong></span> <span class='ocrx_word' id='word_1_90' title='bbox 467 2115 615 2191; x_wconf 85' lang='lat' dir='ltr'><strong>virtutes,</strong></span> <span class='ocrx_word' id='word_1_91' title='bbox 638 2115 734 2178; x_wconf 81' lang='lat' dir='ltr'><strong>altera</strong></span> <span class='ocrx_word' id='word_1_92' title='bbox 750 2115 926 2199; x_wconf 81' lang='lat' dir='ltr'><strong>Agesidami</strong></span> <span class='ocrx_word' id='word_1_93' title='bbox 945 2116 1088 2191; x_wconf 83' lang='lat' dir='ltr'><strong>victoria,</strong></span> <span class='ocrx_word' id='word_1_94' title='bbox 1106 2137 1199 2198; x_wconf 88' lang='lat' dir='ltr'><strong>quam</strong></span> <span class='ocrx_word' id='word_1_95' title='bbox 1211 2116 1337 2200; x_wconf 86' lang='lat' dir='ltr'><strong>quidem</strong></span> 
     </span>
     <span class='ocr_line' id='line_1_13' title="bbox 323 2230 748 2296; baseline 0.002 -3"><span class='ocrx_word' id='word_1_96' title='bbox 323 2252 405 2294; x_wconf 89' lang='lat' dir='ltr'><strong>nnnc</strong></span> <span class='ocrx_word' id='word_1_97' title='bbox 428 2230 580 2295; x_wconf 84' lang='lat' dir='ltr'><strong>celebrare</strong></span> <span class='ocrx_word' id='word_1_98' title='bbox 602 2232 748 2296; x_wconf 86' lang='lat' dir='ltr'><strong>instituit.</strong></span> 
     </span>
    </p>

    <p class='ocr_par' dir='ltr' id='par_1_4' title="bbox 317 2347 1337 4167">
     <span class='ocr_line' id='line_1_14' title="bbox 368 2347 1337 2433; baseline 0.002 -24"><span class='ocrx_word' id='word_1_99' title='bbox 368 2350 421 2410; x_wconf 80' lang='lat' dir='ltr'><strong>ai.</strong></span> <span class='ocrx_word' id='word_1_100' title='bbox 452 2347 523 2429; x_wconf 71' lang='grc' dir='ltr'><strong>Ἴλᾳ</strong></span> <span class='ocrx_word' id='word_1_101' title='bbox 552 2348 649 2427; x_wconf 67' lang='grc' dir='ltr'><strong><em>χάριν.</em></strong></span> <span class='ocrx_word' id='word_1_102' title='bbox 684 2347 825 2412; x_wconf 75' lang='lat' dir='ltr'><strong>Tradunt</strong></span> <span class='ocrx_word' id='word_1_103' title='bbox 852 2348 1051 2424; x_wconf 70' lang='lat' dir='ltr'><strong>scholiastae,</strong></span> <span class='ocrx_word' id='word_1_104' title='bbox 1077 2348 1145 2411; x_wconf 83' lang='lat' dir='ltr'><strong>Ilan</strong></span> <span class='ocrx_word' id='word_1_105' title='bbox 1167 2348 1262 2411; x_wconf 83' lang='lat' dir='ltr'><strong>luisse</strong></span> <span class='ocrx_word' id='word_1_106' title='bbox 1289 2372 1337 2433; x_wconf 84' lang='lat' dir='ltr'><strong>pa-</strong></span> 
     </span>
     <span class='ocr_line' id='line_1_15' title="bbox 320 2464 1335 2548; baseline 0.002 -21"><span class='ocrx_word' id='word_1_107' title='bbox 320 2464 449 2528; x_wconf 84' lang='lat' dir='ltr'><strong>laestrae</strong></span> <span class='ocrx_word' id='word_1_108' title='bbox 478 2465 669 2548; x_wconf 82' lang='lat' dir='ltr'><strong>magistrum.</strong></span> <span class='ocrx_word' id='word_1_109' title='bbox 717 2464 785 2529; x_wconf 88' lang='lat' dir='ltr'><strong>Nae</strong></span> <span class='ocrx_word' id='word_1_110' title='bbox 814 2470 862 2529; x_wconf 84' lang='lat' dir='ltr'><strong>est</strong></span> <span class='ocrx_word' id='word_1_111' title='bbox 892 2486 985 2528; x_wconf 86' lang='lat' dir='ltr'><strong>causa</strong></span> <span class='ocrx_word' id='word_1_112' title='bbox 1006 2464 1134 2542; x_wconf 84' lang='lat' dir='ltr'><strong>idonea,</strong></span> <span class='ocrx_word' id='word_1_113' title='bbox 1158 2486 1214 2528; x_wconf 88' lang='lat' dir='ltr'><strong>cor</strong></span> <span class='ocrx_word' id='word_1_114' title='bbox 1238 2465 1276 2528; x_wconf 91' lang='lat' dir='ltr'><strong>de</strong></span> <span class='ocrx_word' id='word_1_115' title='bbox 1300 2488 1335 2529; x_wconf 86' lang='lat' dir='ltr'><strong>eo</strong></span> 
     </span>
     <span class='ocr_line' id='line_1_16' title="bbox 323 2579 1335 2645; baseline 0.002 -2"><span class='ocrx_word' id='word_1_116' title='bbox 323 2580 510 2645; x_wconf 81' lang='lat' dir='ltr'><strong>dabitemus.</strong></span> <span class='ocrx_word' id='word_1_117' title='bbox 557 2580 659 2644; x_wconf 78' lang='lat' dir='ltr'><strong>Etiam</strong></span> <span class='ocrx_word' id='word_1_118' title='bbox 682 2579 828 2645; x_wconf 87' lang='lat' dir='ltr'><strong>Melesiae</strong></span> <span class='ocrx_word' id='word_1_119' title='bbox 852 2580 967 2644; x_wconf 82' lang='lat' dir='ltr'><strong>similes</strong></span> <span class='ocrx_word' id='word_1_120' title='bbox 991 2580 1097 2645; x_wconf 84' lang='lat' dir='ltr'><strong>laudas</strong></span> <span class='ocrx_word' id='word_1_121' title='bbox 1121 2580 1259 2645; x_wconf 83' lang='lat' dir='ltr'><strong>videmus</strong></span> <span class='ocrx_word' id='word_1_122' title='bbox 1283 2580 1335 2645; x_wconf 89' lang='lat' dir='ltr'><strong>Ol.</strong></span> 
     </span>
     <span class='ocr_line' id='line_1_17' title="bbox 321 2696 1335 2776; baseline 0.003 -16"><span class='ocrx_word' id='word_1_123' title='bbox 321 2696 403 2760; x_wconf 85' lang='lat' dir='ltr'><strong>VIII</strong></span> <span class='ocrx_word' id='word_1_124' title='bbox 435 2701 494 2776; x_wconf 77' lang='grc'><strong>76,</strong></span> <span class='ocrx_word' id='word_1_125' title='bbox 528 2700 580 2762; x_wconf 85' lang='lat'><strong>81.</strong></span> <span class='ocrx_word' id='word_1_126' title='bbox 628 2698 695 2762; x_wconf 86' lang='lat' dir='ltr'><strong>llan</strong></span> <span class='ocrx_word' id='word_1_127' title='bbox 723 2707 826 2763; x_wconf 85' lang='lat' dir='ltr'><strong>autem</strong></span> <span class='ocrx_word' id='word_1_128' title='bbox 854 2708 885 2762; x_wconf 84' lang='lat' dir='ltr'><strong>et</strong></span> <span class='ocrx_word' id='word_1_129' title='bbox 907 2698 1099 2763; x_wconf 86' lang='lat' dir='ltr'><strong>instituendo</strong></span> <span class='ocrx_word' id='word_1_130' title='bbox 1123 2707 1155 2761; x_wconf 88' lang='lat' dir='ltr'><strong>et</strong></span> <span class='ocrx_word' id='word_1_131' title='bbox 1177 2698 1335 2763; x_wconf 90' lang='lat' dir='ltr'><strong>incitando</strong></span> 
     </span>
     <span class='ocr_line' id='line_1_18' title="bbox 322 2813 1336 2900; baseline -0.002 -21"><span class='ocrx_word' id='word_1_132' title='bbox 322 2814 541 2898; x_wconf 70' lang='lat' dir='ltr'><strong>Agesidamum</strong></span> <span class='ocrx_word' id='word_1_133' title='bbox 566 2814 605 2878; x_wconf 85' lang='lat' dir='ltr'><strong>ad</strong></span> <span class='ocrx_word' id='word_1_134' title='bbox 627 2824 781 2879; x_wconf 86' lang='lat' dir='ltr'><strong>certamen</strong></span> <span class='ocrx_word' id='word_1_135' title='bbox 805 2813 1002 2900; x_wconf 81' lang='lat' dir='ltr'><strong>Olympicum</strong></span> <span class='ocrx_word' id='word_1_136' title='bbox 1027 2816 1143 2879; x_wconf 77' lang='lat' dir='ltr'><strong>acuisse</strong></span> <span class='ocrx_word' id='word_1_137' title='bbox 1168 2822 1199 2879; x_wconf 88' lang='lat' dir='ltr'><strong>et</strong></span> <span class='ocrx_word' id='word_1_138' title='bbox 1222 2816 1286 2878; x_wconf 87' lang='lat' dir='ltr'><strong>inst</strong></span> <span class='ocrx_word' id='word_1_139' title='bbox 1324 2852 1336 2863; x_wconf 94' lang='lat'>-</span> 
     </span>
     <span class='ocr_line' id='line_1_19' title="bbox 319 2930 1336 3016; baseline 0 -21"><span class='ocrx_word' id='word_1_140' title='bbox 319 2932 418 3007; x_wconf 80' lang='lat' dir='ltr'><strong>risse,</strong></span> <span class='ocrx_word' id='word_1_141' title='bbox 449 2932 603 2995; x_wconf 86' lang='lat' dir='ltr'><strong>ceruimus</strong></span> <span class='ocrx_word' id='word_1_142' title='bbox 636 2954 670 2995; x_wconf 83' lang='lat' dir='ltr'><strong>vs</strong></span> <span class='ocrx_word' id='word_1_143' title='bbox 702 2936 755 2995; x_wconf 79' lang='lat'><strong>22.</strong></span> <span class='ocrx_word' id='word_1_144' title='bbox 802 2931 998 3016; x_wconf 71' lang='lat' dir='ltr'><strong>Comparatio</strong></span> <span class='ocrx_word' id='word_1_145' title='bbox 1022 2940 1125 2995; x_wconf 88' lang='lat' dir='ltr'><strong>autem</strong></span> <span class='ocrx_word' id='word_1_146' title='bbox 1149 2930 1281 2994; x_wconf 84' lang='lat' dir='ltr'><strong>Achillis</strong></span> <span class='ocrx_word' id='word_1_147' title='bbox 1305 2938 1336 2995; x_wconf 83' lang='lat' dir='ltr'><strong>et</strong></span> 
     </span>
     <span class='ocr_line' id='line_1_20' title="bbox 319 3048 1334 3133; baseline 0.001 -22"><span class='ocrx_word' id='word_1_148' title='bbox 319 3048 453 3112; x_wconf 80' lang='lat' dir='ltr'><strong>Patrocli</strong></span> <span class='ocrx_word' id='word_1_149' title='bbox 484 3050 515 3113; x_wconf 92' lang='lat' dir='ltr'><strong>in</strong></span> <span class='ocrx_word' id='word_1_150' title='bbox 547 3071 583 3112; x_wconf 85' lang='lat' dir='ltr'><strong>ao</strong></span> <span class='ocrx_word' id='word_1_151' title='bbox 613 3049 689 3112; x_wconf 91' lang='lat' dir='ltr'><strong>mihi</strong></span> <span class='ocrx_word' id='word_1_152' title='bbox 713 3049 836 3113; x_wconf 88' lang='lat' dir='ltr'><strong>videtur</strong></span> <span class='ocrx_word' id='word_1_153' title='bbox 859 3050 959 3133; x_wconf 86' lang='lat' dir='ltr'><strong>posita</strong></span> <span class='ocrx_word' id='word_1_154' title='bbox 983 3070 1064 3126; x_wconf 83' lang='lat' dir='ltr'><strong>csse,</strong></span> <span class='ocrx_word' id='word_1_155' title='bbox 1089 3048 1171 3131; x_wconf 84' lang='lat' dir='ltr'><strong>qnod</strong></span> <span class='ocrx_word' id='word_1_156' title='bbox 1196 3048 1334 3112; x_wconf 80' lang='lat' dir='ltr'><strong>Achilles</strong></span> 
     </span>
     <span class='ocr_line' id='line_1_21' title="bbox 320 3163 1336 3249; baseline 0.001 -21"><span class='ocrx_word' id='word_1_157' title='bbox 320 3165 409 3248; x_wconf 84' lang='lat' dir='ltr'><strong>quasi</strong></span> <span class='ocrx_word' id='word_1_158' title='bbox 438 3186 592 3229; x_wconf 70' lang='lat' dir='ltr'><strong>umorum</strong></span> <span class='ocrx_word' id='word_1_159' title='bbox 624 3166 768 3249; x_wconf 76' lang='lat' dir='ltr'><strong>magister</strong></span> <span class='ocrx_word' id='word_1_160' title='bbox 797 3165 940 3229; x_wconf 81' lang='lat' dir='ltr'><strong>Patroclo</strong></span> <span class='ocrx_word' id='word_1_161' title='bbox 972 3166 1074 3230; x_wconf 83' lang='lat' dir='ltr'><strong>fuerit.</strong></span> <span class='ocrx_word' id='word_1_162' title='bbox 1129 3163 1214 3228; x_wconf 90' lang='lat' dir='ltr'><strong>Olim</strong></span> <span class='ocrx_word' id='word_1_163' title='bbox 1245 3165 1336 3249; x_wconf 86' lang='lat' dir='ltr'><strong>plura</strong></span> 
     </span>
     <span class='ocr_line' id='line_1_22' title="bbox 320 3281 1336 3369; baseline 0.002 -24"><span class='ocrx_word' id='word_1_164' title='bbox 320 3281 469 3365; x_wconf 87' lang='lat' dir='ltr'><strong>quaedam</strong></span> <span class='ocrx_word' id='word_1_165' title='bbox 499 3283 659 3367; x_wconf 79' lang='lat' dir='ltr'><strong>magisque</strong></span> <span class='ocrx_word' id='word_1_166' title='bbox 688 3282 845 3347; x_wconf 87' lang='lat' dir='ltr'><strong>recondita</strong></span> <span class='ocrx_word' id='word_1_167' title='bbox 875 3284 932 3347; x_wconf 84' lang='lat' dir='ltr'><strong>hac</strong></span> <span class='ocrx_word' id='word_1_168' title='bbox 964 3283 1190 3369; x_wconf 81' lang='lat' dir='ltr'><strong>comparatione</strong></span> <span class='ocrx_word' id='word_1_169' title='bbox 1221 3282 1336 3367; x_wconf 87' lang='lat' dir='ltr'><strong>signifi·</strong></span> 
     </span>
     <span class='ocr_line' id='line_1_23' title="bbox 318 3398 1334 3484; baseline 0.001 -21"><span class='ocrx_word' id='word_1_170' title='bbox 318 3400 381 3463; x_wconf 86' lang='lat' dir='ltr'><strong>eari</strong></span> <span class='ocrx_word' id='word_1_171' title='bbox 404 3398 588 3464; x_wconf 83' lang='lat' dir='ltr'><strong>arbitrabar:</strong></span> <span class='ocrx_word' id='word_1_172' title='bbox 613 3400 833 3484; x_wconf 83' lang='lat' dir='ltr'><strong>Agesidamum</strong></span> <span class='ocrx_word' id='word_1_173' title='bbox 857 3400 895 3464; x_wconf 89' lang='lat' dir='ltr'><strong>ab</strong></span> <span class='ocrx_word' id='word_1_174' title='bbox 919 3400 966 3464; x_wconf 85' lang='lat' dir='ltr'><strong>Ila</strong></span> <span class='ocrx_word' id='word_1_175' title='bbox 986 3410 1123 3463; x_wconf 83' lang='lat' dir='ltr'><strong>amatum</strong></span> <span class='ocrx_word' id='word_1_176' title='bbox 1139 3399 1232 3463; x_wconf 79' lang='lat' dir='ltr'><strong>misse</strong></span> <span class='ocrx_word' id='word_1_177' title='bbox 1248 3422 1334 3464; x_wconf 86' lang='lat' dir='ltr'><strong>more</strong></span> 
     </span>
     <span class='ocr_line' id='line_1_24' title="bbox 319 3516 1334 3593; baseline -0.002 -12"><span class='ocrx_word' id='word_1_178' title='bbox 319 3516 523 3593; x_wconf 88' lang='lat' dir='ltr'><strong>Graecorum,</strong></span> <span class='ocrx_word' id='word_1_179' title='bbox 551 3517 646 3581; x_wconf 87' lang='lat' dir='ltr'><strong>luisse</strong></span> <span class='ocrx_word' id='word_1_180' title='bbox 668 3517 749 3580; x_wconf 88' lang='lat' dir='ltr'><strong>inter</strong></span> <span class='ocrx_word' id='word_1_181' title='bbox 772 3538 823 3580; x_wconf 89' lang='lat' dir='ltr'><strong>eos</strong></span> <span class='ocrx_word' id='word_1_182' title='bbox 846 3538 1000 3581; x_wconf 86' lang='lat' dir='ltr'><strong>armorum</strong></span> <span class='ocrx_word' id='word_1_183' title='bbox 1024 3518 1200 3580; x_wconf 85' lang='lat' dir='ltr'><strong>societatem</strong></span> <span class='ocrx_word' id='word_1_184' title='bbox 1212 3564 1220 3593; x_wconf 90' lang='lat'>,</span> <span class='ocrx_word' id='word_1_185' title='bbox 1246 3522 1334 3580; x_wconf 82' lang='lat' dir='ltr'><strong>atvs</strong></span> 
     </span>
     <span class='ocr_line' id='line_1_25' title="bbox 321 3632 1334 3718; baseline 0.001 -21"><span class='ocrx_word' id='word_1_186' title='bbox 321 3634 385 3697; x_wconf 78' lang='lat'><strong>124</strong></span> <span class='ocrx_word' id='word_1_187' title='bbox 407 3633 518 3718; x_wconf 82' lang='lat' dir='ltr'><strong>respici</strong></span> <span class='ocrx_word' id='word_1_188' title='bbox 540 3634 578 3696; x_wconf 88' lang='lat' dir='ltr'><strong>ad</strong></span> <span class='ocrx_word' id='word_1_189' title='bbox 602 3633 727 3697; x_wconf 90' lang='lat' dir='ltr'><strong>illorum</strong></span> <span class='ocrx_word' id='word_1_190' title='bbox 750 3654 883 3696; x_wconf 87' lang='lat' dir='ltr'><strong>amorem</strong></span> <span class='ocrx_word' id='word_1_191' title='bbox 903 3634 964 3711; x_wconf 83' lang='lat' dir='ltr'><strong>ita‘,</strong></span> <span class='ocrx_word' id='word_1_192' title='bbox 983 3641 1018 3695; x_wconf 90' lang='lat' dir='ltr'><strong>ut</strong></span> <span class='ocrx_word' id='word_1_193' title='bbox 1034 3632 1218 3716; x_wconf 83' lang='lat' dir='ltr'><strong>Agesidamo</strong></span> <span class='ocrx_word' id='word_1_194' title='bbox 1236 3633 1334 3698; x_wconf 82' lang='lat' dir='ltr'><strong>forma</strong></span> 
     </span>
     <span class='ocr_line' id='line_1_26' title="bbox 319 3750 1332 3835; baseline 0 -22"><span class='ocrx_word' id='word_1_195' title='bbox 319 3758 350 3813; x_wconf 89' lang='lat' dir='ltr'><strong>et</strong></span> <span class='ocrx_word' id='word_1_196' title='bbox 372 3758 456 3813; x_wconf 89' lang='lat' dir='ltr'><strong>aetas</strong></span> <span class='ocrx_word' id='word_1_197' title='bbox 476 3772 548 3815; x_wconf 90' lang='lat' dir='ltr'><strong>eum</strong></span> <span class='ocrx_word' id='word_1_198' title='bbox 572 3750 704 3835; x_wconf 81' lang='lat' dir='ltr'><strong>Cypride</strong></span> <span class='ocrx_word' id='word_1_199' title='bbox 726 3757 855 3814; x_wconf 83' lang='lat' dir='ltr'><strong>mortem</strong></span> <span class='ocrx_word' id='word_1_200' title='bbox 875 3751 1023 3827; x_wconf 84' lang='lat' dir='ltr'><strong>arcuerit,</strong></span> <span class='ocrx_word' id='word_1_201' title='bbox 1041 3772 1150 3835; x_wconf 88' lang='lat' dir='ltr'><strong>nempe</strong></span> <span class='ocrx_word' id='word_1_202' title='bbox 1166 3750 1197 3813; x_wconf 89' lang='lat' dir='ltr'><strong>in</strong></span> <span class='ocrx_word' id='word_1_203' title='bbox 1216 3750 1332 3833; x_wconf 83' lang='lat' dir='ltr'><strong>proelio</strong></span> 
     </span>
     <span class='ocr_line' id='line_1_27' title="bbox 318 3868 1331 3953; baseline 0.001 -22"><span class='ocrx_word' id='word_1_204' title='bbox 318 3868 401 3931; x_wconf 89' lang='lat' dir='ltr'><strong>hunc</strong></span> <span class='ocrx_word' id='word_1_205' title='bbox 432 3868 470 3932; x_wconf 89' lang='lat' dir='ltr'><strong>ab</strong></span> <span class='ocrx_word' id='word_1_206' title='bbox 497 3878 630 3932; x_wconf 83' lang='lat' dir='ltr'><strong>amatore</strong></span> <span class='ocrx_word' id='word_1_207' title='bbox 652 3877 806 3933; x_wconf 84' lang='lat' dir='ltr'><strong>servatum</strong></span> <span class='ocrx_word' id='word_1_208' title='bbox 829 3891 896 3933; x_wconf 84' lang='lat' dir='ltr'><strong>esse</strong></span> <span class='ocrx_word' id='word_1_209' title='bbox 919 3892 935 3932; x_wconf 84' lang='lat' dir='ltr'><strong>e</strong></span> <span class='ocrx_word' id='word_1_210' title='bbox 959 3869 1066 3932; x_wconf 87' lang='lat' dir='ltr'><strong>mortis</strong></span> <span class='ocrx_word' id='word_1_211' title='bbox 1089 3868 1235 3953; x_wconf 88' lang='lat' dir='ltr'><strong>periculo.</strong></span> <span class='ocrx_word' id='word_1_212' title='bbox 1271 3868 1331 3932; x_wconf 86' lang='lat' dir='ltr'><strong>Ve-</strong></span> 
     </span>
     <span class='ocr_line' id='line_1_28' title="bbox 317 3986 1332 4071; baseline 0.001 -23"><span class='ocrx_word' id='word_1_213' title='bbox 317 4007 385 4049; x_wconf 89' lang='lat' dir='ltr'><strong>rum</strong></span> <span class='ocrx_word' id='word_1_214' title='bbox 417 4008 452 4048; x_wconf 86' lang='lat' dir='ltr'><strong>ea</strong></span> <span class='ocrx_word' id='word_1_215' title='bbox 484 3986 609 4069; x_wconf 87' lang='lat' dir='ltr'><strong>quidem</strong></span> <span class='ocrx_word' id='word_1_216' title='bbox 629 3988 691 4070; x_wconf 87' lang='lat' dir='ltr'><strong>jam</strong></span> <span class='ocrx_word' id='word_1_217' title='bbox 715 4010 778 4050; x_wconf 89' lang='lat' dir='ltr'><strong>non</strong></span> <span class='ocrx_word' id='word_1_218' title='bbox 801 3986 968 4071; x_wconf 85' lang='lat' dir='ltr'><strong>probabilis</strong></span> <span class='ocrx_word' id='word_1_219' title='bbox 992 3986 1068 4049; x_wconf 90' lang='lat' dir='ltr'><strong>mihi</strong></span> <span class='ocrx_word' id='word_1_220' title='bbox 1091 3988 1266 4071; x_wconf 78' lang='lat' dir='ltr'><strong>conjectura</strong></span> <span class='ocrx_word' id='word_1_221' title='bbox 1291 3987 1332 4049; x_wconf 84' lang='lat' dir='ltr'><strong>vi·</strong></span> 
     </span>
     <span class='ocr_line' id='line_1_29' title="bbox 317 4102 418 4167; baseline 0.01 -1"><span class='ocrx_word' id='word_1_222' title='bbox 317 4102 418 4167; x_wconf 88' lang='lat' dir='ltr'><strong>detur.</strong></span> 
     </span>
    </p>

    <p class='ocr_par' dir='ltr' id='par_1_5' title="bbox 362 4219 1105 4303">
     <span class='ocr_line' id='line_1_30' title="bbox 362 4219 1105 4303; baseline 0.001 -21"><span class='ocrx_word' id='word_1_223' title='bbox 362 4224 415 4285; x_wconf 77' lang='lat' dir='ltr'><strong>et.</strong></span> <span class='ocrx_word' id='word_1_224' title='bbox 450 4224 512 4286; x_wconf 77' lang='grc' dir='ltr'><strong><em>θεοῦ</em></strong></span> <span class='ocrx_word' id='word_1_225' title='bbox 534 4223 586 4286; x_wconf 84' lang='grc' dir='ltr'><strong>σὺν</strong></span> <span class='ocrx_word' id='word_1_226' title='bbox 609 4222 751 4303; x_wconf 54' lang='lat' dir='ltr'><strong>tandm.</strong></span> <span class='ocrx_word' id='word_1_227' title='bbox 786 4220 876 4285; x_wconf 80' lang='lat' dir='ltr'><strong>conf.</strong></span> <span class='ocrx_word' id='word_1_228' title='bbox 902 4219 953 4284; x_wconf 90' lang='lat' dir='ltr'><strong>Ol.</strong></span> <span class='ocrx_word' id='word_1_229' title='bbox 978 4220 1026 4283; x_wconf 89' lang='lat' dir='ltr'><strong>IX</strong></span> <span class='ocrx_word' id='word_1_230' title='bbox 1050 4222 1105 4283; x_wconf 80' lang='lat'><strong>38.</strong></span> 
     </span>
    </p>

    <p class='ocr_par' dir='ltr' id='par_1_6' title="bbox 361 4337 1331 4420">
     <span class='ocr_line' id='line_1_31' title="bbox 361 4337 1331 4420; baseline 0.002 -21"><span class='ocrx_word' id='word_1_231' title='bbox 361 4340 414 4402; x_wconf 73' lang='lat'><strong>26.</strong></span> <span class='ocrx_word' id='word_1_232' title='bbox 449 4338 563 4403; x_wconf 72' lang='grc' dir='ltr'><strong><em>ἄπονον.</em></strong></span> <span class='ocrx_word' id='word_1_233' title='bbox 599 4338 787 4402; x_wconf 84' lang='lat' dir='ltr'><strong>Praecedens</strong></span> <span class='ocrx_word' id='word_1_234' title='bbox 818 4340 970 4402; x_wconf 86' lang='lat' dir='ltr'><strong>sententia</strong></span> <span class='ocrx_word' id='word_1_235' title='bbox 1002 4338 1045 4401; x_wconf 89' lang='lat' dir='ltr'><strong>ita</strong></span> <span class='ocrx_word' id='word_1_236' title='bbox 1067 4356 1195 4420; x_wconf 81' lang='lat' dir='ltr'><strong>maguae</strong></span> <span class='ocrx_word' id='word_1_237' title='bbox 1220 4337 1331 4401; x_wconf 82' lang='lat' dir='ltr'><strong>incita·</strong></span> 
     </span>
    </p>
   </div>
   <div class='ocr_carea' id='block_1_3' title="bbox 315 4452 1354 4627">
    <p class='ocr_par' dir='ltr' id='par_1_7' title="bbox 315 4452 1354 4627">
     <span class='ocr_line' id='line_1_32' title="bbox 315 4452 1354 4539; baseline 0 -22"><span class='ocrx_word' id='word_1_238' title='bbox 315 4454 409 4519; x_wconf 79' lang='lat' dir='ltr'><strong>tionis</strong></span> <span class='ocrx_word' id='word_1_239' title='bbox 439 4476 628 4539; x_wconf 80' lang='lat' dir='ltr'><strong>magnaeque</strong></span> <span class='ocrx_word' id='word_1_240' title='bbox 655 4455 803 4519; x_wconf 83' lang='lat' dir='ltr'><strong>divinitus</strong></span> <span class='ocrx_word' id='word_1_241' title='bbox 825 4455 914 4518; x_wconf 83' lang='lat' dir='ltr'><strong>datae</strong></span> <span class='ocrx_word' id='word_1_242' title='bbox 939 4455 1061 4517; x_wconf 84' lang='lat' dir='ltr'><strong>virtutis</strong></span> <span class='ocrx_word' id='word_1_243' title='bbox 1081 4452 1208 4517; x_wconf 84' lang='lat' dir='ltr'><strong>laudem</strong></span> <span class='ocrx_word' id='word_1_244' title='bbox 1231 4458 1354 4518; x_wconf 73' lang='lat' dir='ltr'><strong>eoin·</strong></span> 
     </span>
     <span class='ocr_line' id='line_1_33' title="bbox 1151 4571 1207 4627; baseline 0 0"><span class='ocrx_word' id='word_1_245' title='bbox 1151 4571 1207 4627; x_wconf 70' lang='lat'><strong>32*</strong></span> 
     </span>
    </p>
   </div>
   <div class='ocr_carea' id='block_1_4' title="bbox 0 0 1868 5542">
    <p class='ocr_par' dir='ltr' id='par_1_8' title="bbox 0 0 1868 5542">
     <span class='ocr_line' id='line_1_34' title="bbox 0 0 1868 5542; baseline 0 5"><span class='ocrx_word' id='word_1_246' title='bbox 0 0 1868 5542; x_wconf 95' lang='lat' dir='ltr'><strong> </strong></span> 
     </span>
    </p>
   </div>
  </div>
 </body>
</html>
