3725 5542
810 715 874 778 44⁷

335 913 356 976 3
387 913 536 998 Aeginam
566 912 661 976 Poeta
690 911 827 998 appellat
854 909 1033 988 πολυξέναν,
1063 918 1094 975 et
1124 909 1214 975 Nem.
1245 909 1274 971 V
1308 912 1347 973 15

334 1031 431 1111 Φίλαν
451 1029 538 1108 ξέναν
559 1029 689 1110 ἄρουραν.

381 1146 435 1208 33.
473 1145 588 1222 τεθμὸς.
629 1144 812 1228 Appositum
855 1145 949 1208 luisse
983 1146 1105 1228 signum
1139 1169 1165 1226 χ
1200 1153 1348 1211 memorat

334 1259 499 1325 scholiasta
532 1270 636 1337 vetus,
672 1283 795 1326 eausam
830 1262 995 1346 adjiciens,
1026 1261 1068 1327 ὅτι
1100 1264 1205 1339 τεθμὸν
1234 1271 1283 1329 νῦν
1313 1263 1348 1330 νδ

334 1377 438 1456 δόγμα
466 1378 517 1443 καὶ
547 1381 599 1452 τὴν
628 1378 741 1454 δόκησιν
770 1379 886 1460 εἴρηκεν.
933 1378 1027 1458 Quod
1058 1387 1161 1444 tamen
1188 1403 1249 1446 non
1274 1383 1348 1445 satis

335 1517 489 1580 assequor.

381 1615 435 1676 34.
468 1613 529 1677 καὶ.
564 1613 706 1678 Fortasse
728 1613 785 1677 hac
808 1613 961 1698 particula
985 1613 1079 1678 Poeta
1104 1615 1252 1698 Aeginam
1267 1637 1347 1680 com-

336 1750 442 1813 parare
465 1729 533 1793 vult
554 1729 731 1816 Olympiae,
755 1738 787 1794 ct
809 1732 868 1815 ipsi
887 1731 1011 1815 justitia
1026 1730 1273 1814 advenarumque
1290 1733 1346 1796 fre·

336 1845 462 1928 quentia
483 1847 643 1930 gloriosae.

381 1965 434 2024 36.
470 1963 628 2040 δαιμονίαν.
664 1964 718 2048 Py.
743 1964 778 2027 ΙΙ
803 1966 821 2026 5
845 1963 1012 2049 Syracusae

792 2081 898 2160 ἀνδρῶν

649 2195 745 2262 ἵππων
767 2223 801 2262 τε
823 2199 1046 2278 σιδαροχαρμᾶν

652 2315 796 2391 δαιμόνιαι
819 2316 929 2398 τροφεί.

381 2431 435 2492 33.
471 2439 577 2511 Δωριεῖ
605 2435 669 2512 λαῷ
700 2432 914 2509 ταμνευομὲναν
948 2431 981 2508 ἐξ
1011 2433 1132 2498 Αἰακοῦ.
1181 2431 1351 2496 Scholiasta

341 2552 429 2608 retus
451 2545 611 2630 aliquanto
634 2557 704 2632 post
723 2550 859 2612 Aeaeum
874 2550 1024 2632 Aeginam
1041 2548 1221 2613 aTriaeone
1237 2549 1352 2632 Argivo

339 2672 517 2747 occupatam
534 2686 598 2729 esse
613 2664 703 2742 dicit,
721 2665 851 2748 ideoque
868 2667 1033 2750 Aeginetae
1049 2666 1150 2730 vocari
1166 2665 1349 2729 Dorienses:

339 2779 516 2846 Herodotus
538 2781 576 2846 L.
600 2781 682 2845 VIII
705 2785 748 2846 46
772 2784 937 2871 Aeginetae
961 2783 1125 2846 Dorienses
1141 2805 1175 2846 ex
1193 2781 1351 2867 Epidauro

338 2919 403 2960 esse
434 2898 579 2962 affirmat:
613 2900 692 2964 conf.
728 2899 764 2963 L.
798 2899 824 2960 V
857 2902 916 2975 833
947 2907 978 2962 et
1001 2899 1128 2976 Strabo,
1152 2899 1189 2962 L.
1214 2898 1296 2962 VIII
1320 2921 1349 2984 p.

339 3017 415 3080 375.
462 3015 551 3094 Quae
582 3016 706 3100 quidem
737 3017 909 3081 testimonia
942 3016 1093 3080 Herodoti
1117 3025 1148 3080 et
1171 3016 1351 3082 scholiastae

337 3133 419 3196 inter
441 3157 474 3197 se
497 3156 632 3220 congrua
654 3135 829 3199 efficiuntur
852 3144 882 3198 et
905 3136 1125 3200 confirmentur
1147 3135 1350 3212 aPausania,

337 3249 375 3314 L.
399 3249 434 3314 Π
457 3249 492 3314 C.
517 3250 630 3316 XXIX
654 3255 692 3328 5,
717 3259 833 3337 partem
860 3253 1043 3337 Argivorum
1068 3261 1211 3316 narrante
1229 3273 1350 3328 eorum,

338 3369 392 3453 qui
422 3369 614 3454 Epidaurum
647 3367 811 3446 haberent,
843 3369 875 3433 in
900 3370 1050 3454 Aeginam
1073 3369 1230 3433 transiisse
1252 3375 1283 3432 et
1305 3389 1353 3430 ve·

338 3486 456 3550 teribus
479 3487 637 3569 Aeginetis
660 3486 787 3550 mixtam
808 3486 1006 3550 Doriensiurn
1023 3507 1122 3550 morea
1138 3495 1169 3550 et
1184 3506 1353 3552 sermonem

338 3603 489 3667 intulisse.
529 3601 618 3666 Ocni.
643 3602 791 3680 Mueller,
816 3605 958 3686 Aeginet.
983 3626 1013 3688 p.
1038 3607 1092 3668 43.
1130 3603 1243 3667 Veram
1267 3601 1352 3667 illam

340 3729 409 3804 post
440 3722 574 3783 Aeaeum
605 3719 756 3784 coloniam
786 3719 818 3783 h.
850 3720 871 3783 l.
903 3743 965 3784 non
999 3721 1150 3806 significat
1181 3719 1352 3796 Pindarus,

339 3859 440 3920 neque
462 3836 495 3912 ἐξ
517 3839 628 3903 Αἰακοῦ
650 3839 694 3902 ita
717 3839 852 3922 positum
875 3846 938 3915 ast,
962 3838 1219 3922 quemadmodum
1243 3837 1354 3902 scholi·

339 3962 405 4019 asta
439 3954 523 4032 vult,
556 3977 612 4039 pro
642 3954 724 4033 μετὰ
754 3953 804 4020 τὸν
826 3955 952 4020 Mandu:
977 3954 1011 4032 ἐξ
1032 3977 1094 4020 non
1119 3956 1271 4040 signifieat
1302 3954 1355 4019 ali·

339 4083 456 4156 quanto
479 4079 567 4157 post,
591 4073 689 4136 etita
713 4071 837 4138 demum
861 4073 1113 4159 signifieatpost,
1127 4074 1291 4158 ut,siqna
1307 4095 1354 4138 res

339 4199 462 4253 narrata
485 4190 526 4253 sit
549 4190 595 4253 vel
619 4199 703 4252 certo
726 4197 863 4275 tempore
878 4191 959 4254 fecta
975 4213 1038 4256 esse
1054 4189 1261 4272 intelligatur,
1277 4189 1353 4267 alia,

340 4331 418 4392 quae
450 4309 515 4391 ejm
547 4307 590 4370 rci
613 4314 735 4391 tempus
759 4316 923 4372 consecuta
947 4309 1005 4385 sit,
1029 4308 1090 4372 diei
1115 4309 1211 4393 possit
1233 4307 1298 4370 fieri
1321 4308 1354 4372 ἐκ

340 4427 452 4490 τούτου.
490 4425 549 4488 llic
571 4445 643 4487 vero
666 4446 728 4487 non
752 4432 908 4488 narratum
933 4433 981 4488 eat
1004 4426 1096 4488 Aeaei
1120 4445 1247 4507 regnum
1264 4421 1353 4507 quasi
