3725 5542
972 741 1037 802 882

500 956 565 996 των.
612 934 652 997 Et
675 936 874 1003 moribundus
897 940 963 1025 ipse
986 940 1193 1027 Hippolytus,
1220 941 1301 1006 filins
1325 944 1507 1023 Amazonis,

497 1051 559 1135 jam
594 1052 673 1117 Deae
703 1055 831 1121 dilectae
861 1058 919 1123 sihi
943 1082 1004 1124 non
1028 1059 1177 1145 amplius,
1201 1061 1320 1145 inquit,
1345 1063 1403 1126 erit
1424 1064 1510 1127 lnc-

501 1170 597 1247 νώμας
620 1174 676 1237 οὐδ’
697 1176 887 1252 ἀγαλμάτων
909 1176 1024 1257 φύλαξ.
1059 1176 1132 1242 Νοιι
1154 1179 1287 1264 pertinet
1310 1180 1371 1245 huc
1391 1180 1509 1246 Dianae

501 1307 669 1372 cognomen
691 1292 817 1371 εὑρίππα
841 1294 924 1379 apud
948 1295 1117 1361 Pheneatas
1140 1297 1173 1361 in
1197 1296 1345 1377 Arcadian
1378 1299 1508 1364 Pansam

500 1404 537 1470 L.
568 1406 651 1473 VIII
681 1408 715 1474 C.
749 1410 827 1475 XIV
858 1416 895 1477 5:
924 1414 1007 1499 quod
1031 1437 1092 1480 non
1115 1415 1240 1501 aliquod
1264 1428 1404 1502 equestre
1425 1418 1509 1483 Deae

499 1548 612 1591 munus
636 1528 830 1615 significavit,
855 1556 960 1599 verum
982 1536 1010 1599 ei
1032 1536 1184 1601 tributum
1206 1537 1266 1600 luit
1288 1536 1327 1601 ah
1346 1536 1458 1623 Ulysse
1474 1538 1508 1602 in

501 1648 675 1713 memoriam
698 1672 862 1735 equorum,
886 1675 964 1739 quos
988 1655 1114 1718 amissoe
1135 1655 1180 1720 ihi
1201 1664 1363 1741 repererat

545 1766 599 1829 48.
633 1767 735 1848 δειρᾶν.
759 1768 926 1836 Homerus:
939 1773 1136 1855 πολυδειράδος
1149 1774 1338 1853 Οὐλύμποιο,
1349 1773 1389 1839 Il.
1402 1774 1508 1839 1499.

546 1886 597 1949 50.
632 1888 802 1965 ἀγγελίαις.
837 1890 938 1955 Jnssis
961 1915 1015 1977 per
1032 1894 1181 1958 nuncium
1197 1894 1332 1981 perlatis
1355 1894 1508 1960 Homerus

500 2002 538 2067 Il.
564 2004 622 2067 XV
647 2008 710 2069 688

811 2137 976 2203 Mummios
999 2134 1183 2214 Περιφὴηρ,

633 2254 758 2323 Κοπρῆος
781 2248 867 2323 Φίλαν
890 2249 964 2330 υἱὸν,
988 2246 1019 2320 ὃς
1040 2229 1200 2330 Εὕρνσθῆός
1221 2248 1347 2321 ἄνακτος

632 2362 780 2439 tyrann
802 2364 936 2445 οἴχνεσκε
957 2366 1010 2448 βίῃ
1030 2370 1213 2449 Ἡρακληείη.
1355 2444 1363 2464 .

546 2482 597 2543 51.
633 2480 707 2552 ἔντυ’
737 2484 867 2562 ἐνέγκοι.
899 2484 1070 2571 Theognid.
1105 2490 1184 2553 197:
1216 2488 1279 2551 ἐπεὶ
1309 2489 1432 2567 κρατερή
1457 2512 1508 2565 μιν

499 2598 616 2675 ἀνάγκη
640 2601 741 2667 indae.

546 2718 597 2781 51.
632 2720 781 2797 πατρόθεν.
815 2720 951 2786 Jubente
972 2722 1058 2786 Jove.

545 2840 597 2901 52.
634 2836 744 2903 Cervae
775 2862 875 2905 carere
905 2842 1065 2919 cornibus,
1099 2863 1154 2906 nec
1177 2849 1279 2906 tamen
1303 2842 1362 2906 hcc
1382 2841 1507 2905 unicum

500 2976 564 3019 esse
598 2956 680 3040 apud
715 2956 823 3021 Poecn
855 2981 960 3024 cervae
991 2960 1133 3024 cornibus
1164 2968 1287 3024 ornatae
1317 2958 1506 3043 exemplum,

499 3074 659 3159 disputant
682 3076 861 3143 scholiastae
885 3088 916 3143 et
938 3080 1128 3164 interpretes.
1160 3078 1303 3143 Ceterum
1325 3078 1506 3163 Taygetum,

500 3192 634 3258 Atlantis
665 3194 775 3273 liliam,
808 3218 903 3280 quum
934 3220 953 3259 a
980 3196 1057 3261 Jove
1087 3206 1188 3261 amata
1216 3196 1341 3273 fnisset,
1375 3216 1508 3280 eumque

500 3334 631 3378 amorem
662 3315 853 3399 repudiaret,
886 3340 904 3379 a
927 3316 1027 3381 Diana
1056 3318 1090 3380 in
1112 3339 1230 3381 cervam
1253 3338 1317 3381 esse
1340 3323 1507 3393 mutatam,

500 3444 606 3519 postea
627 3454 715 3511 vero,
740 3456 836 3519 quum
860 3436 891 3499 iu
914 3456 1002 3500 snam
1025 3436 1153 3500 formam
1175 3436 1318 3501 restituta
1339 3446 1436 3511 esset,
1459 3435 1508 3498 sui

500 3552 567 3616 loco
588 3551 673 3617 illam
696 3575 813 3617 cervam
838 3552 919 3619 Deae
942 3576 1149 3631 consecrasse,
1172 3555 1205 3619 in
1228 3553 1352 3619 scholiis
1374 3553 1508 3618 narratio

499 3682 554 3735 est.
602 3670 638 3735 Iu
667 3693 729 3755 qua
751 3694 782 3735 re
808 3672 949 3736 nonnulli
972 3672 1031 3737 sibi
1055 3673 1181 3757 vestigia
1203 3671 1427 3757 deprehendere
1450 3670 1508 3734 visi

499 3782 570 3855 sunl
602 3790 817 3855 immolationis
849 3790 1025 3855 homiuum:
1056 3813 1134 3875 quae
1158 3791 1250 3855 etiam
1273 3790 1305 3854 in
1327 3789 1506 3875 Iphigeniae

500 3908 625 3972 historia
649 3918 680 3972 et
704 3909 736 3973 in
759 3908 875 3973 Dianae
895 3908 1042 3974 Tauricae
1057 3910 1151 3973 sacris
1167 3931 1229 3974 non
1244 3909 1366 3973 absunt.
1390 3906 1506 3972 Eodem

500 4028 649 4113 pertinere
672 4028 847 4092 existimant
870 4028 1109 4093 verberationem
1133 4050 1297 4113 puerorum
1319 4027 1445 4113 Spartae
1467 4025 1506 4089 ad

500 4168 579 4209 aram
604 4145 739 4231 ejusdem
765 4146 846 4211 Deae
869 4146 1048 4211 Orthosiae:
1077 4147 1125 4211 vel
1147 4144 1292 4223 Orthiae,
1317 4154 1353 4209 nt
1373 4145 1507 4231 appellat

501 4266 683 4343 Pausanias,
715 4264 751 4330 L.
783 4265 834 4329 III
865 4266 899 4329 C.
932 4266 1011 4330 XVI
1042 4272 1078 4329 6:
1111 4288 1189 4351 quae
1216 4266 1340 4329 nomina
1368 4264 1507 4329 interae

499 4386 617 4450 differre
642 4407 702 4449 non
727 4385 878 4449 videntur.
926 4384 1018 4469 Apud
1043 4384 1209 4449 Pindarum
1233 4392 1334 4449 tamen
1358 4383 1505 4448 hocloco

501 4504 539 4569 de
571 4528 605 4568 ea
636 4528 666 4569 re
697 4504 852 4569 silentium
884 4514 946 4568 cst:
977 4526 1077 4589 neque
1107 4504 1186 4568 cumr
1216 4504 1365 4596 irraletur
1393 4510 1441 4567 est
1465 4503 1504 4568 ah
