3725 5542
818 758 882 820 3911

394 961 467 1023 153.
503 957 638 1035 niwrat:
672 981 699 1022 κ.
732 981 761 1023 π.
793 973 823 1021 a.
859 955 990 1041 Egregie
1021 956 1128 1020 laudet
1158 958 1300 1034 Aenean,
1333 961 1363 1019 at

347 1097 439 1160 quam
463 1083 544 1140 recte
563 1073 611 1138 illi
626 1095 683 1137 sua
697 1073 833 1138 carmina
847 1072 1037 1150 committat,
1054 1072 1197 1137 ostendit.
1222 1071 1361 1155 Scytalae

347 1193 421 1257 satis
448 1200 556 1257 notum
591 1199 639 1256 est
668 1193 738 1276 quis
761 1212 836 1257 nsua
859 1191 943 1276 apud
965 1190 1224 1256 Lacedaemonios
1248 1191 1360 1267 fuerit,

346 1315 379 1374 et
411 1308 565 1393 quomodo
588 1309 621 1373 in
644 1329 679 1372 aa
702 1307 819 1393 Ephori
842 1307 987 1372 mandate
1010 1309 1048 1373 ad
1072 1309 1271 1392 imperatores
1299 1329 1364 1392 per·

346 1427 450 1490 renire
488 1425 650 1491 voluerint.
704 1425 792 1490 Inest
829 1447 918 1510 crgo,
950 1447 1046 1510 quum
1076 1433 1162 1489 tauta
1193 1447 1263 1490 cum
1295 1424 1360 1509 ejus

348 1565 407 1608 usu
430 1544 596 1629 conjuncta
617 1551 697 1607 esset
719 1542 868 1627 gravitas,
888 1563 1000 1626 magna
1014 1543 1047 1606 iu
1063 1542 1120 1605 hac
1136 1541 1362 1626 comparatione

347 1660 498 1745 dignitas:
522 1660 701 1744 praesertim
731 1680 827 1742 quum
850 1681 913 1723 non
937 1679 1042 1736 suam,
1071 1657 1123 1722 sed
1140 1659 1276 1742 ipsarum
1293 1655 1362 1720 Mu·

346 1798 451 1841 aarum
472 1798 543 1841 eum
567 1776 701 1861 appellet
720 1775 884 1861 acytalam:
902 1797 959 1842 uec
974 1776 1074 1840 minor
1089 1777 1122 1840 in
1137 1775 1364 1861 comparatione

349 1895 492 1972 crateris,
532 1916 569 1958 ex
607 1915 670 1979 quo
706 1895 863 1979 praeclara
891 1895 1027 1959 carmina
1055 1892 1225 1958 haurienda
1253 1893 1363 1958 forent.

348 2010 455 2096 Longe
477 2010 668 2076 dissimiliter
689 2012 795 2078 eadem
818 2013 1044 2097 comparatione
1067 2012 1167 2099 utitur
1187 2011 1367 2095 Aristopha-

348 2149 420 2207 nes,
453 2129 586 2193 Acham.
619 2130 683 2192 tao
715 2128 753 2193 de
783 2128 989 2213 sycophanta:
1022 2127 1217 2208 πάγχρηστον
1248 2125 1365 2205 ἄγγος,

351 2246 460 2328 κρατὴρ
482 2251 588 2311 κακῶν.

399 2364 471 2427 156.
494 2360 565 2427 dam
587 2368 725 2426 materna
747 2381 929 2446 proavorum
954 2361 1083 2446 Ageriae
1107 2360 1178 2426 sede
1193 2361 1365 2440 celebrata,

351 2478 391 2542 ad
422 2477 589 2562 praesentis
621 2477 738 2562 patriae
759 2476 902 2555 laudem,
922 2498 1014 2562 quam
1042 2478 1146 2562 attigit
1169 2499 1203 2542 va
1227 2483 1265 2556 8,
1290 2477 1365 2543 oela-

349 2595 496 2661 brandam
519 2596 631 2682 pergit.
674 2594 714 2660 In
735 2593 866 2680 Ortygia
888 2596 988 2660 insula
1012 2596 1109 2681 prima
1126 2605 1361 2681 etmagnapara

353 2711 569 2797 Syracusarum
593 2711 663 2776 ruit.

397 2833 470 2895 ltu.
505 2830 718 2912 φοινικόπεζαν.
759 2829 891 2894 Divinae
926 2829 1186 2914 pulchritudinis,
1221 2838 1253 2894 et
1282 2829 1365 2893 dein-

351 2969 422 3033 ceps
444 2947 606 3013 λευκίππου
628 2947 751 3012 divinae
773 2947 935 3033 dignitatis
947 2946 1082 3032 epitheta
1094 2955 1185 3023 sunt,
1199 2969 1255 3011 nac
1275 2968 1366 3031 quae·

351 3063 422 3128 dam
446 3073 604 3149 praeterea
624 3066 658 3129 in
685 3064 734 3130 his
759 3064 919 3150 adjectivis
943 3064 1279 3149 expressesignificatio
1302 3087 1384 3128 ease·

352 3178 481 3245 videtur.

398 3299 473 3362 loo.
508 3295 670 3377 ’Λαφὲπεμ
706 3296 800 3382 Apud
824 3296 1036 3376 Herodotum,
1060 3296 1097 3361 L.
1123 3296 1188 3361 VII
1215 3301 1294 3376 153,
1310 3297 1366 3363 Το-

351 3414 428 3479 linea
450 3423 652 3493 memoratur,
677 3437 693 3478 e
716 3414 882 3500 majoribus
902 3414 1046 3494 Gelonis,
1071 3417 1125 3500 qui
1148 3415 1230 3500 apud
1253 3414 1366 3479 Gelooa

352 3531 555 3597 sacerdotium
586 3532 728 3598 habuerit
758 3533 895 3596 Deorum
918 3539 1072 3597 certorum
1095 3541 1125 3596 et
1149 3532 1277 3617 posteris
1299 3531 1369 3596 reli·

352 3650 467 3735 querit:
498 3650 522 3714 ii
549 3649 663 3734 posteri
694 3649 864 3732 ἱεροφάνται
893 3656 951 3713 τῶν
982 3651 1101 3729 χθονίων
1131 3651 1197 3713 θεῶν
1228 3649 1366 3714 διετέλεον

351 3768 454 3839 ίίνπες.
500 3767 540 3832 In
570 3767 695 3832 scholiis
726 3767 879 3832 veteribus
902 3766 941 3829 ad
965 3767 996 3831 h.
1021 3767 1041 3832 it
1066 3765 1161 3830 Hiero
1185 3766 1299 3831 dicitur
1322 3789 1366 3830 sa·

352 3887 523 3951 cerdotinm
546 3885 691 3951 habuisse
711 3885 759 3950 vel
775 3884 895 3949 Cereris
911 3893 943 3948 et
958 3883 1174 3968 Proserpinae,
1192 3883 1239 3948 vel
1256 3883 1364 3948 harum

352 4013 383 4070 at
403 4001 490 4068 doris
513 4003 659 4069 Aetnaei:
683 4003 769 4067 etin
793 4002 910 4067 scholio
933 4001 1022 4067 Uret.
1060 4002 1086 4064 A
1110 4001 1270 4085 adjicitur,
1294 4023 1363 4066 eum

351 4119 428 4185 illud
452 4120 595 4186 habuisse
617 4121 650 4185 ἐκ
673 4121 809 4200 διαδοχῆς
832 4120 919 4186 Λίνον
943 4125 994 4184 τοῦ
1019 4119 1156 4200 προνίνον
1175 4122 1288 4184 adroic:
1309 4117 1365 4182 ubi

351 4237 527 4303 Boeckhius
557 4238 655 4303 edidit
684 4237 811 4312 Τνλίνον
841 4259 896 4322 pro
927 4238 1030 4304 Λίνουι
1063 4245 1164 4314 recte,
1197 4244 1234 4300 ut
1263 4235 1362 4300 credo.

351 4354 390 4420 In
420 4356 482 4421 alio
511 4378 637 4441 quoque
667 4354 784 4420 scholio
815 4354 940 4420 additur
967 4353 1129 4419 sacerdotii
1152 4373 1365 4418 commemora·

352 4473 431 4538 tioni
468 4471 574 4539 ἄνωθεν
610 4476 644 4538 ἐκ
680 4472 833 4553 πρινίνων.
880 4475 986 4556 Atque
1024 4471 1098 4536 haec
1130 4472 1361 4536 scholiastarum
