3725 5542
850 726 913 788 283
978 780 981 783 ,

374 929 457 994 domi
482 928 681 1013 interrogavit
704 926 741 991 de
765 928 845 1005 filio,
863 948 955 1011 quem
971 925 1097 989 Euadne
1114 927 1296 1011 peperisset:
1314 949 1384 991 narn

375 1046 490 1111 Phoebi
515 1045 602 1109 illurn
627 1043 747 1109 dicebat
770 1044 908 1129 genitum
929 1066 994 1107 esse
1010 1044 1122 1127 patris:
1140 1066 1294 1129 supraque
1309 1066 1388 1107 mor-

375 1165 451 1229 tales
471 1166 535 1229 fore
552 1172 651 1228 vatem
668 1162 813 1228 eximium
832 1160 1017 1227 hominibus.
1049 1161 1100 1225 Sic
1112 1184 1184 1246 ergo
1196 1162 1388 1247 significavit.

375 1283 425 1347 Illi
456 1304 526 1347 vero
555 1304 611 1347 nec
640 1280 794 1345 audivisse
817 1302 872 1345 nec
896 1280 1009 1345 vidisse
1032 1280 1266 1366 praedicabant,
1291 1302 1387 1365 quum

376 1410 445 1467 aute
477 1402 614 1486 quinque
645 1399 709 1465 dies
739 1406 825 1463 ortus
856 1406 944 1465 esset.
989 1398 1103 1463 Verum
1134 1399 1215 1463 enim
1247 1398 1388 1464 occultus
1423 1403 1465 1461 90

373 1532 438 1585 erat
458 1521 490 1584 in
507 1519 610 1605 juncis
626 1518 779 1602 inviisque
794 1516 927 1595 rubetis,
947 1517 1097 1582 violarum
1113 1516 1253 1581 candidis
1269 1526 1300 1582 et
1320 1540 1389 1602 pur-

374 1639 475 1723 pureis
507 1636 600 1701 radiis
631 1638 730 1723 rigato
762 1644 867 1701 tenero
898 1658 1041 1723 corpore:
1074 1649 1262 1721 quapropter
1292 1637 1384 1700 etiam

373 1756 564 1841 nuncupavit
598 1756 688 1821 illum
711 1754 931 1841 appellandum
956 1776 1009 1840 per
1031 1776 1122 1819 omne
1145 1763 1268 1839 tempus
1291 1763 1389 1819 mater

376 1875 429 1939 illo
453 1875 617 1940 immortali
642 1876 776 1939 nomine.
824 1873 932 1937 Dulcis
957 1882 1119 1959 postquam
1143 1886 1174 1937 et
1197 1873 1324 1938 decorae
1346 1882 1390 1937 at

375 1993 446 2078 tigit
468 1993 602 2058 fructum
622 1992 813 2077 juventutis,
838 1992 869 2056 in
894 1991 1050 2076 Alpheum
1073 1992 1207 2057 medium
1231 1991 1391 2057 descendit

375 2124 405 2175 et
428 2109 612 2197 Neptunum
645 2118 802 2195 potentem
832 2110 952 2173 vocavit
982 2132 1071 2174 suum
1102 2132 1191 2173 evum
1224 2117 1255 2174 et
1285 2110 1389 2176 arcite-
1429 2112 1489 2174 100

374 2236 496 2295 nentem
529 2228 598 2294 Deli
630 2228 751 2293 divinae
780 2227 967 2313 praesidem,
992 2238 1099 2313 petens
1123 2229 1256 2313 aliquem
1281 2229 1389 2295 utilem

375 2348 489 2433 populo
520 2347 613 2432 capiti
645 2370 700 2411 suo
724 2347 888 2425 honorem,
913 2354 1003 2411 nocte
1026 2346 1082 2411 sub
1106 2347 1168 2412 dio.
1214 2348 1387 2435 Respondit

375 2465 523 2530 distincta
559 2488 615 2529 von
644 2472 786 2549 paterna,
819 2464 970 2549 illumque
1001 2465 1168 2549 quaesivit:
1198 2466 1314 2552 Surge,
1346 2469 1389 2531 mi

375 2583 436 2662 fili,
470 2583 530 2647 huc
560 2582 708 2648 celebrem
740 2584 772 2647 in
804 2584 906 2648 locum
931 2604 1057 2669 sequere
1081 2605 1194 2649 vocem.
1231 2584 1391 2651 Venerunt

376 2703 430 2767 alti
463 2702 502 2766 ad
527 2703 658 2781 arduum
682 2724 789 2768 sarum
814 2702 935 2767 Cronii:
967 2702 1011 2768 ibi
1042 2703 1089 2768 illi
1119 2704 1206 2769 dedit
1235 2704 1390 2791 duplicem
1429 2710 1490 2771 110

374 2821 552 2885 thesaurum
578 2821 731 2886 vaticinii:
756 2829 824 2886 turn
848 2822 973 2907 quidem
993 2832 1030 2887 ut
1051 2845 1153 2889 vocem
1169 2823 1291 2889 audiret
1306 2825 1407 2910 igne·

373 2960 438 3005 ram
469 2940 636 3005 mendacii:
669 2950 775 3025 postea
806 2963 875 3005 vero
899 2963 992 3025 quam
1015 2942 1100 3007 ferox
1124 2942 1274 3008 Hercules
1299 2943 1387 3008 adve-

373 3060 486 3137 nisset,
511 3066 644 3145 augusta
669 3059 848 3125 Alcidarum
867 3062 1042 3146 progenies,
1060 3071 1091 3125 et
1107 3064 1186 3149 patri
1203 3063 1392 3128 condidisset

374 3178 605 3244 celeberrimum
637 3180 748 3245 festum
787 3203 1001 3267 summumque
1033 3183 1235 3247 certaminum
1271 3185 1392 3249 institu-

374 3308 459 3375 tum,
495 3306 562 3363 turn
597 3321 667 3363 vero
699 3308 735 3363 ut
765 3298 851 3363 Jovis
883 3301 914 3363 in
947 3300 1096 3365 altissima
1126 3324 1178 3367 ara
1211 3303 1390 3368 vaticinium

376 3424 409 3481 ut
427 3417 571 3483 conderet
594 3418 762 3503 imperavit.
797 3417 842 3481 Er
867 3442 928 3503 quo
953 3419 1120 3484 clarissima
1143 3421 1174 3484 iu
1196 3421 1321 3486 Graecis
1345 3430 1392 3487 est
1430 3424 1491 3486 120

374 3558 449 3620 gens
471 3536 673 3601 Jamidarum.
723 3536 866 3603 Felicitas
889 3558 941 3601 eos
964 3537 1110 3601 comitata
1134 3546 1189 3602 est.
1233 3538 1315 3604 Dum
1340 3540 1393 3603 ho·

375 3662 487 3719 norant
519 3655 664 3733 virtutes,
696 3656 730 3719 in
754 3655 833 3719 viam
857 3663 995 3740 apertam
1019 3655 1199 3741 procedunt.
1246 3657 1392 3723 Ostendit

375 3794 627 3859 unumquemque
660 3796 751 3837 suum
782 3796 870 3859 opus.
918 3774 1126 3861 Reprehensio
1156 3775 1195 3840 ab
1225 3776 1293 3840 aliis
1317 3776 1393 3840 invi·

375 3890 423 3955 dis
454 3892 611 3977 impendet
642 3892 698 3970 iis,
730 3892 844 3977 quibus
880 3893 1046 3977 aliquando
1080 3894 1213 3980 primum
1249 3895 1392 3959 duodeci·

376 4032 459 4075 mum
484 4032 607 4075 cursum
632 4012 911 4097 circumagentibus
928 4012 1101 4077 veneranda
1116 4013 1278 4099 adsperget
1292 4014 1392 4097 gratia

376 4130 502 4193 formam
538 4130 744 4216 conspicuam.
791 4131 823 4196 Si
858 4154 962 4197 revera
996 4132 1052 4198 sub
1087 4140 1191 4197 monte
1226 4131 1389 4218 Cyllenes,
1430 4133 1490 4195 130

376 4250 505 4333 Agesis,
530 4251 660 4315 materni
684 4250 742 4314 viri
766 4251 941 4317 habitantes
964 4252 1090 4317 deorum
1112 4274 1290 4337 praeconem
1313 4250 1391 4315 Mer-

376 4367 496 4431 curium
529 4368 679 4434 donavere
716 4370 858 4454 precibus
894 4379 925 4434 et
960 4371 1116 4434 sacrificiis
1150 4371 1284 4434 multum
1318 4391 1391 4434 saue

336 4510 341 4523 ·
375 4484 482 4547 multis
514 4485 580 4570 pie,
613 4488 666 4570 qui
697 4489 862 4552 certamina
886 4489 965 4574 regit
988 4497 1161 4575 sortemque
1184 4489 1390 4574 praemiorum
