3725 5542
812 709 873 770 431

334 913 386 978 nol
423 911 562 990 γυμνικὸν
596 911 744 974 ἐπιστᾶσι.
791 904 909 971 Herod.
941 905 989 971 VI
1022 909 1075 972 38.
1122 905 1163 970 Et
1193 899 1352 971 Brasidem

338 1028 582 1114 Amphipolitani
605 1035 789 1090 servatorem
814 1047 905 1089 suum
925 1025 1099 1111 judicatum
1116 1025 1283 1088 conditoris
1298 1045 1353 1088 nu-

336 1166 420 1210 mero
443 1143 542 1209 oolere
565 1145 790 1220 instituerant,
815 1151 846 1206 et
869 1142 916 1205 illi
939 1144 1031 1220 τιμὰς
1058 1142 1211 1207 δεδώκασιν
1234 1144 1352 1218 elstrae

337 1263 388 1327 ml
407 1261 538 1337 molave
556 1261 664 1331 boloe.
709 1258 808 1323 Theo.
832 1257 861 1318 V
889 1261 940 1322 ll.
976 1257 1066 1322 Conf.
1092 1279 1171 1342 quae
1194 1277 1262 1343 pag.
1289 1258 1352 1320 293

338 1379 378 1444 ad
401 1378 452 1443 01.
476 1377 513 1442 II
538 1378 775 1442 memoravimus
803 1377 842 1440 de
867 1375 1008 1440 Therone
1029 1397 1067 1440 ex
1083 1375 1223 1440 lhodoro
1235 1375 1283 1439 XI
1301 1379 1353 1440 5³.

382 1495 573 1560 Memoratnr
596 1496 629 1559 in
652 1493 778 1558 scholiis
802 1493 958 1558 veteribus
980 1494 1091 1557 festum
1112 1491 1291 1578 Tlepolemo
1310 1494 1355 1557 in-

339 1613 503 1688 stitutum,
527 1613 608 1689 otyor
629 1610 864 1688 nauseatores.
889 1610 975 1674 etin
1000 1609 1099 1674 altero
1122 1612 1354 1688 Τληπολέμειιι,

339 1731 391 1794 en
414 1729 539 1814 queem
562 1713 722 1814 rejicitur:
747 1729 772 1792 u
796 1728 826 1791 n
846 1729 1016 1807 ‘nerana
1053 1726 1168 1792 voum
1184 1729 1216 1791 in
1233 1727 1356 1793 eumue

338 1845 507 1911 laudantur
529 1845 607 1910 leste
628 1844 726 1921 Solis,
750 1845 885 1921 Ἡλίειιι,
910 1854 942 1907 et
965 1846 997 1908 in
1021 1843 1130 1908 horum
1151 1844 1247 1908 altero
1263 1846 1353 1908 etiam

340 1971 448 2028 auctor
475 1964 542 2048 ejus
572 1961 868 2026 commemorationis
904 1961 1077 2047 appellatur
1108 1961 1188 2026 Ister
1220 1962 1251 2026 in
1276 1961 1355 2026 libro

340 2083 402 2161 napi
426 2086 483 2145 rin
505 2081 602 2144 'Halon
625 2079 763 2156 ἀγώνωνε
789 2079 821 2141 in
838 2077 934 2141 altero
951 2079 1049 2163 ipsius
1066 2080 1132 2162 ejus
1148 2079 1218 2143 festi
1234 2087 1355 2164 tempus

340 2196 486 2260 delinitur
495 2243 505 2273 ,
530 2195 676 2280 Gorpiaei
699 2195 813 2259 mensis
837 2194 902 2258 dies
918 2195 1081 2258 vicesimus
1097 2203 1247 2278 quartus:
1265 2196 1356 2259 etiem

340 2313 425 2399 epud
448 2313 642 2378 Athenaeum
665 2311 702 2377 L.
727 2313 795 2376 XII
820 2315 883 2376 561
908 2311 1100 2378 Rhodiorum
1121 2313 1232 2378 Heliae
1246 2333 1359 2378 memo·

323 2439 457 2496 rantur.
503 2430 571 2496 Neo
602 2430 668 2495 nlla
689 2453 782 2496 eausa
805 2439 869 2509 est,
894 2451 950 2494 our
971 2431 1025 2495 illa
1048 2431 1144 2495 luisse
1167 2431 1356 2496 dubitemus.

341 2547 436 2628 Quod
464 2567 538 2612 vero
570 2548 603 2611 in
634 2547 696 2611 illia
726 2547 849 2612 dnobus
879 2547 1005 2612 scholiis
1037 2555 1191 2633 praeterea
1222 2548 1355 2627 dieitur,

339 2664 509 2729 Pindarum
541 2685 633 2728 nsum
663 2687 729 2728 esse
758 2665 918 2729 meudaoio
950 2667 1087 2750 poetioo,
1120 2675 1150 2730 et
1177 2667 1356 2731 memoriam

341 2781 521 2845 Helieorum
551 2779 747 2845 transtulisse
778 2781 818 2844 ad
848 2780 1081 2866 Tlepolemum,
1113 2799 1150 2846 er
1173 2801 1209 2847 eo
1232 2783 1357 2867 quidem

341 2898 420 2962 offioi
449 2907 569 2983 potest,
600 2899 783 2984 seripturam
815 2892 914 2976 eam,¹
935 2917 1027 2982 quam
1060 2901 1249 2977 memoravi,
1280 2903 1306 2966 oi
1329 2902 1358 2965 δὲ

341 3015 516 3098 Ἡράκλεια,
540 3016 669 3080 fortasse
694 3037 794 3081 errore
818 3016 951 3100 quodam
976 3025 1073 3082 ortam
1098 3039 1163 3082 esse
1182 3020 1358 3082 exsemine

344 3131 539 3196 Helieorum:
562 3155 666 3197 verum
681 3133 715 3197 id
730 3134 833 3218 ipsum
848 3135 990 3219 quidem,
1008 3135 1176 3200 Pindarum
1192 3137 1358 3200 mentitum

343 3271 410 3313 esse
439 3250 472 3315 in
500 3271 537 3314 ea
565 3272 616 3327 re,
652 3271 757 3315 verum
789 3272 940 3316 essenon
964 3260 1074 3337 potest.
1121 3253 1241 3332 Quodsi
1264 3253 1303 3317 de
1326 3267 1358 3316 re

342 3378 460 3432 remota
490 3374 648 3452 ageretur,
682 3367 870 3433 dubitationi
899 3391 935 3434 ao
957 3368 1161 3454 disputationi
1183 3369 1270 3434 loeus
1294 3389 1358 3435 esse

344 3492 481 3571 poterat:
506 3507 611 3550 verum
635 3485 789 3571 quomodo
812 3485 957 3571 deinceps
979 3487 1075 3552 Poeta
1098 3489 1220 3553 mentiri
1237 3497 1357 3572 posset,

342 3603 420 3668 dues
455 3602 607 3687 Diagorae
641 3603 736 3667 fuisse
769 3603 913 3668 victorias
945 3605 978 3668 in
1008 3604 1229 3690 Tlepolemeis,
1262 3626 1357 3691 quum

342 3742 406 3784 non
422 3731 524 3785 essent
539 3721 746 3806 Tlepolemea,
764 3721 909 3807 equidem
923 3741 987 3787 non
1002 3723 1151 3808 intelligo.
1180 3723 1246 3788 Neo
1262 3723 1355 3788 ullam

343 3837 532 3921 probabilem
555 3859 678 3903 oausam
703 3838 811 3917 video,
835 3861 891 3904 eur
913 3839 1090 3904 Boeolrhius
1113 3840 1293 3926 Tlepolemo
1306 3841 1359 3905 ho·

342 3975 447 4019 norem
480 3954 673 4020 deminutum
697 3965 729 4020 et
750 3955 842 4021 ludos
858 3958 896 4021 ad
911 3955 1015 4021 Solem
1030 3957 1214 4036 deuolutos,
1232 3958 1357 4023 Pindari

342 4081 444 4136 tamen
468 4079 567 4136 aetate
590 4072 693 4137 denuo
716 4073 895 4158 Tlepolemo
917 4081 1002 4139 aotos
1026 4076 1189 4140 existioret.

391 4192 463 4254 148.
499 4199 599 4274 κλεινᾷ
614 4194 642 4255 ι’
659 4192 687 4254 ἐν
703 4189 818 4273 Ἰσθμῷ.
854 4192 1008 4258 Isthmum
1021 4192 1217 4280 Corinthium
1227 4205 1357 4278 semper,

343 4314 491 4390 qnantum
515 4308 656 4384 memini,
681 4305 833 4372 Pindarus
857 4310 946 4393 ponit
966 4331 1076 4393 genere
1093 4310 1256 4374 feminino:
1273 4309 1357 4375 velut

343 4422 394 4489 Ol.
419 4423 501 4487 VIII
525 4427 568 4487 64·
591 4423 638 4489 ἐπ’
661 4426 774 4503 Ἰσθμὸν
795 4428 930 4508 ποντίαν,
958 4425 1048 4492 Nem.
1072 4425 1100 4486 V
1122 4429 1163 4490 69
1170 4475 1179 4504 ,
1197 4427 1252 4490 Ist.
1271 4423 1287 4490 I
1303 4432 1356 4490 45.
