3725 5542
960 707 1023 760 :tuti

488 903 567 967 Naln
591 903 784 989 hospitalitas
808 912 889 967 certe
913 910 944 966 et
966 924 1050 966 amor
1074 904 1190 990 patriae
1209 902 1410 988 studiumque
1427 924 1498 967 cou-

487 1022 608 1087 cordiae
631 1021 757 1086 Graecis
780 1022 909 1085 virtutes
934 1022 1017 1086 luere
1039 1022 1131 1106 longe
1146 1020 1392 1085 laudatissimae:
1409 1021 1496 1105 equis

488 1152 589 1206 autem
614 1139 730 1205 alendis
754 1140 836 1225 quod
860 1139 981 1204 dicatur
1003 1139 1143 1217 deditum,
1167 1139 1254 1203 idad
1272 1140 1497 1225 pietatemey'us

488 1259 671 1324 laudandam
702 1260 851 1344 pertinet,
883 1260 915 1322 iu
946 1258 1163 1323 certaminibus
1195 1258 1338 1343 ludisque
1360 1258 1496 1322 Deorum

486 1380 571 1443 lestis
594 1376 849 1463 conspiciendam.
883 1376 1005 1457 Quodsi
1028 1378 1099 1461 quis
1122 1377 1296 1478 offendptar
1319 1377 1352 1441 in
1374 1378 1497 1441 nomine

485 1497 597 1574 ἵππων,
622 1518 718 1582 quum
743 1496 897 1561 victorium
924 1494 1018 1559 fuisse
1041 1497 1249 1561 existimemus
1272 1495 1385 1560 rhedae
1402 1494 1499 1559 mula·

486 1618 544 1694 ris,
576 1616 607 1681 id
631 1615 755 1699 quidem
780 1616 857 1679 foret
880 1616 1039 1699 argutim:
1064 1616 1110 1679 uti
1135 1624 1238 1679 autem
1263 1636 1444 1699 possumus,
1469 1614 1495 1677 si

487 1736 630 1812 velimus,
656 1734 831 1820 hujusmodi
854 1734 1072 1820 explicatione,
1091 1744 1126 1799 ut
1141 1734 1296 1811 dicamus,
1312 1733 1411 1799 mulas
1427 1756 1496 1818 pro

487 1855 581 1919 creari
612 1877 673 1919 non
706 1876 792 1939 posse
824 1854 882 1918 uisi
907 1854 979 1938 equi
1001 1853 1141 1929 alantur,
1165 1854 1290 1919 haberet
1313 1852 1437 1938 quidem
1461 1876 1497 1917 ea

487 1972 649 2057 explicatio
671 1972 845 2051 veritatem,
870 1980 901 2035 et
924 1980 1027 2035 taumu
1050 1979 1130 2036 esset
1152 1969 1379 2057 quodammodo
1401 1971 1497 2055 speci·

486 2112 555 2155 osa:
588 2092 730 2155 uniuerso
763 2092 885 2155 nomine
916 2091 1023 2170 τροφοὶ
1053 2088 1148 2155 ἶπον
1171 2091 1294 2175 quaevis
1318 2088 1496 2174 hujusmodi

485 2210 590 2275 studia
611 2220 692 2273 certe
715 2210 899 2294 significant.

531 2331 584 2392 28.
618 2327 770 2413 Erginus,
795 2328 935 2412 Clymeni
959 2326 1059 2404 filius,
1083 2328 1175 2392 etiam
1192 2326 1412 2393 aOallimaclrc
1432 2327 1497 2391 lau·

485 2447 576 2513 datus
600 2456 663 2531 est,
689 2456 723 2511 ut
746 2454 895 2511 memoret
915 2446 1084 2510 scholiasta
1106 2454 1211 2523 vetus,
1236 2445 1296 2509 hoc
1318 2468 1424 2510 versu:

665 2569 792 2643 Ἐργῖνος
816 2564 965 2641 Κλυμένου
989 2561 1090 2644 ἔξοχος
1112 2567 1141 2627 ἐν
1163 2564 1279 2642 σταδίῳ.

487 2684 558 2747 Fuit
592 2692 694 2747 autem
728 2683 780 2747 ille
815 2683 847 2747 iu
877 2683 1074 2767 Argonautis.
1120 2681 1183 2762 Qui
1214 2703 1310 2767 quum
1339 2680 1491 2745 Lemnum

486 2803 655 2880 venissent,
680 2810 832 2867 certamen
851 2802 895 2867 ibi
911 2801 1083 2887 Hypsipyle
1097 2801 1234 2865 instituit
1249 2807 1286 2865 ut
1304 2801 1400 2886 patris
1414 2799 1494 2865 'l'ho-

485 2923 565 2985 antu
595 2920 735 2986 funebria
761 2919 943 2985 celebraret:
968 2896 1220 2985 certavit'autem
1243 2919 1378 3005 Erginus
1400 2940 1492 2983 cursu

484 3042 517 3105 iu
548 3040 647 3105 armis.
695 3038 811 3105 Verum
842 3061 939 3123 quum
969 3060 1064 3105 canus
1094 3046 1176 3104 esset
1198 3038 1364 3123 adspectu,
1388 3038 1494 3103 irrisu

485 3170 532 3224 est
560 3170 592 3224 et
621 3167 792 3225 contemtus
820 3182 838 3223 a
867 3158 1047 3225 mulieribus
1076 3158 1231 3224 lemniis:
1260 3178 1367 3223 verum
1397 3157 1494 3221 victor

485 3279 618 3356 exstitit,
645 3301 741 3364 quum
765 3277 930 3342 adversarii
953 3278 1084 3342 fuissent
1105 3278 1165 3362 ipsi
1188 3276 1305 3341 Boreae
1328 3275 1384 3341 lilii
1407 3274 1493 3340 Zetes

485 3406 515 3462 et
539 3396 649 3462 Calais.
698 3396 766 3463 Hac
788 3405 875 3461 tants
896 3396 988 3460 laude
1010 3405 1099 3481 parta
1120 3404 1310 3461 contemtum
1332 3404 1363 3460 et
1382 3394 1493 3459 irrisio

485 3539 554 3582 uem
589 3516 677 3581 laeile
710 3516 817 3601 fregit:
853 3538 949 3601 quum
983 3514 1175 3579 coronandus
1205 3513 1380 3590 accederet,
1415 3513 1493 3578 dixit

485 3634 692 3722 Hypsipylae,
712 3636 777 3720 y'am
799 3633 912 3719 pedum
936 3656 1022 3699 suam
1046 3634 1233 3699 celeritatem
1251 3656 1317 3698 esse
1332 3632 1492 3718 probatam

485 3756 664 3819 certamine:
689 3753 773 3819 haud
795 3754 897 3818 miuus
920 3762 1025 3818 autem
1047 3776 1080 3816 se
1103 3752 1202 3816 valere
1225 3750 1407 3816 fortitudine
1422 3772 1491 3835 pec·

485 3874 560 3938 toris
593 3884 624 3936 et
658 3894 804 3937 manuum
837 3872 954 3937 robore.
1001 3875 1104 3958 Atque
1133 3894 1169 3935 eo
1199 3870 1338 3955 exemplo
1369 3869 1490 3954 probari

485 3992 560 4056 dicit
583 3991 693 4069 Poeta,
719 4012 806 4076 posse
829 3990 972 4055 canitiem
996 4011 1061 4053 esse
1084 3991 1117 4054 iu
1140 4012 1193 4067 eo,
1216 3990 1270 4074 qui
1293 3995 1325 4053 et
1347 3996 1446 4053 aetate
1461 3996 1494 4051 et

484 4112 588 4196 vigore
610 4118 703 4194 atque
726 4111 839 4174 virtute
862 4109 1038 4175 adolescens
1060 4110 1110 4173 sit.
1157 4108 1201 4173 Et
1221 4108 1404 4173 scholiastae
1425 4106 1493 4193 qui·

484 4231 554 4295 dem
577 4230 634 4295 hoc
656 4228 794 4315 exemplo
817 4228 983 4293 Pindarum
1007 4250 1098 4291 usum
1121 4249 1186 4291 esse
1209 4227 1384 4291 existimant
1399 4248 1492 4311 prop·

485 4358 567 4415 terea
595 4348 677 4434 quod
708 4347 848 4413 Pssumis
878 4349 969 4413 etiam
1000 4369 1096 4413 cauus
1126 4346 1235 4411 fuerit:
1269 4346 1353 4421 δῆλον
1381 4348 1418 4417 ὡς
1439 4344 1491 4410 καὶ

486 4469 573 4541 οὗτος
604 4469 618 4533 i
647 4474 767 4546 Ψοῦμις
798 4467 849 4543 »idn
880 4466 978 4539 πολιὸς
1002 4468 1039 4532 ὢν
1061 4468 1200 4541 dalmas:
1224 4502 1270 4513 —
1292 4462 1418 4539 δηλονότι
1440 4465 1491 4528 ui
