3725 5542
1029 702 1094 761 548

552 896 680 984 judiciis
703 898 751 961 vel
774 896 813 962 ab
836 896 951 962 arando
975 898 1022 961 vel
1046 921 1066 961 a
1086 896 1263 981 navigando
1285 894 1334 960 vel
1356 918 1376 958 a
1396 916 1490 959 cursu
1506 916 1568 957 cam

554 1015 700 1092 derivari,
724 1022 755 1079 et
777 1016 877 1080 simile
900 1038 965 1082 esse
989 1038 1090 1080 secare
1112 1037 1213 1092 mure,
1239 1036 1340 1079 secare
1363 1014 1454 1077 viam.
1501 1010 1570 1075 Oru-

555 1134 630 1196 nino
663 1132 810 1217 qnodque
844 1134 1015 1218 periculum
1050 1135 1082 1197 in
1118 1133 1199 1197 bello
1236 1140 1268 1197 et
1297 1134 1433 1217 cujusvis
1465 1130 1569 1215 proelii

560 1251 660 1313 exitus
692 1250 845 1314 deciditur
866 1260 898 1314 et
921 1260 1075 1315 resecatur
1098 1250 1202 1335 gladio
1225 1259 1255 1313 ct
1277 1272 1426 1314 manuum
1449 1248 1569 1312 robore:

556 1377 603 1431 cst
630 1368 728 1452 igitur
758 1369 882 1453 propria
912 1368 961 1432 his
992 1368 1118 1433 Pindari
1150 1377 1181 1432 et
1204 1368 1364 1453 Euripidis
1388 1366 1464 1430 locis
1490 1366 1569 1429 verbi

556 1488 757 1570 significatio,
787 1487 967 1570 praesertim
999 1488 1025 1550 si
1048 1485 1208 1563 attendas,
1240 1508 1303 1550 non
1333 1485 1483 1569 scriptum
1509 1506 1569 1547 ene

555 1604 685 1680 πολέμου
707 1604 807 1685 τέλος,
831 1625 1019 1687 quamquam
1042 1624 1142 1688 neque
1166 1603 1198 1667 id
1224 1600 1393 1667 absurdum
1407 1602 1503 1675 foret,
1520 1598 1569 1662 ssd

556 1724 667 1799 μαχᾶν
689 1720 787 1795 τέλος,
812 1719 894 1805 qnod
917 1742 981 1785 non
1004 1742 1125 1784 summa
1147 1721 1244 1783 totius
1268 1717 1341 1782 belli
1363 1728 1426 1794 est,
1443 1716 1498 1781 md
1514 1717 1571 1779 siu

556 1836 702 1920 gulosum
726 1836 910 1921 proeliorum
936 1844 1073 1901 eventus.

603 1955 655 2016 81.
690 1953 733 2017 τοί
764 1954 819 2031 μὲν
849 1954 937 2029 γίνει.
974 1952 1151 2017 Corinthios
1183 1974 1252 2017 curn
1285 1950 1462 2035 Mycenaeis
1484 1949 1570 2014 duxit

561 2070 789 2155 Agamemnon:

693 2184 720 2251 οί
740 2188 771 2250 ll
793 2189 938 2261 Μοιιιίνοις
963 2184 1044 2267 είχον
1068 2186 1233 2263 ὧκτίμενον
1256 2188 1417 2265 πτολίεθρον

694 2304 815 2381 ιίφνειθν
837 2327 872 2368 τε
893 2303 1030 2382 Κίοινθον.
1077 2302 1170 2367 Hom.
1193 2302 1232 2367 ΙΙ.
1256 2301 1292 2365 Π
1316 2305 1390 2366 569.

560 2419 650 2485 Cous.
682 2419 813 2485 Pansae.
837 2419 874 2485 L.
898 2420 933 2483 II
957 2419 992 2483 O.
1016 2420 1062 2483 IV
1087 2423 1118 2484 2.
1165 2419 1355 2484 Memoratur
1376 2419 1408 2482 in
1432 2416 1571 2502 proeliis,

562 2537 655 2603 Hom.
679 2536 718 2603 Il.
743 2537 827 2602 XIII
851 2540 934 2617 663,

783 2657 926 2736 Εὐχήνωρ
948 2655 1090 2721 Πολυίθον
1113 2654 1233 2733 μάντιος
1256 2655 1333 2731 υίὸς,

662 2773 783 2853 οίφνειθς
805 2775 833 2838 τ’
854 2774 966 2850 &alls
988 2797 1041 2851 τε,
1066 2773 1200 2853 Κορινθόθι
1223 2769 1252 2835 τ’
1274 2771 1349 2836 circla
1372 2770 1468 2835 νιιίιιιι.

610 2891 662 2954 82.
695 2889 867 2969 κομίζοντες.
901 2889 993 2954 Nem.
1032 2888 1078 2953 VI
1116 2891 1158 2952 41
1197 2889 1319 2971 Μενέλᾳ
1355 2886 1497 2965 δάμαρτα
1534 2908 1575 2949 ac·
1650 2852 1651 2873 l

562 3007 660 3085 μίτοι.

611 3127 663 3189 83.
696 3126 730 3190 ἐκ
755 3126 880 3196 Λυκίοις.
917 3122 1003 3187 Nota
1033 3132 1105 3187 sunt
1135 3123 1232 3188 cnivis
1264 3122 1445 3199 Homerica,
1469 3116 1577 3185 1111
1650 3146 1651 3159 ι

569 3244 631 3306 144
662 3264 747 3327 seqq.
793 3244 836 3305 At
865 3241 910 3305 ibi
941 3240 1077 3305 Glaucus
1108 3250 1155 3304 ast
1187 3240 1270 3305 filius
1294 3238 1502 3323 Hippolochi,
1526 3236 1577 3299 filii

564 3360 837 3444 Bellerophontae,
861 3359 918 3422 lilii
941 3358 1067 3436 Glauci,
1085 3358 1141 3423 filii
1156 3357 1289 3444 Sisyphi.
1325 3357 1461 3421 Mutavit
1476 3355 1577 3438 aliquo

566 3477 658 3541 modo
680 3476 888 3561 genealogiam
904 3476 1056 3539 Pindarus
1073 3485 1119 3553 et,
1136 3476 1350 3561 praetermisso
1366 3472 1577 3559 Hippolocho,

567 3593 721 3659 Glaucum
744 3593 818 3658 facit
839 3592 939 3657 filium
961 3591 1229 3678 Bellerophontae.

614 3713 666 3774 85.
690 3718 773 3778 τοῖσι.
798 3710 987 3775 Scholiastac
1011 3716 1128 3775 veteres
1150 3708 1262 3795 Lycios
1285 3709 1334 3774 vel
1356 3708 1506 3794 Troianos
1525 3708 1580 3788 sig-
1650 3794 1651 3801 ἵ

568 3828 687 3892 nificari
719 3829 904 3892 existimant.
948 3825 1071 3907 Quibus
1100 3827 1226 3891 minime
1249 3826 1421 3903 adsentior,
1445 3824 1499 3888 scd
1524 3824 1581 3887 Da·
1650 3872 1651 3883 .

568 3967 643 4009 naos
663 3946 828 4030 significari
843 3956 911 4009 tum
925 3966 962 4009 ex
978 3945 1046 4031 ipsa
1061 3944 1188 4009 Pindari
1203 3945 1340 4009 oratione
1356 3942 1470 4021 efficio,
1486 3962 1580 4025 quum

569 4061 603 4125 hi
633 4060 726 4125 modo
755 4062 984 4126 commemorati
1015 4062 1096 4140 sint,
1128 4070 1195 4126 turn
1226 4062 1285 4124 hoc
1319 4062 1411 4124 ctiam
1441 4056 1580 4123 convenit

571 4176 725 4256 Homero,
757 4178 839 4263 apud
873 4200 964 4262 quem
997 4178 1135 4243 Glaucus
1158 4200 1246 4241 suam
1268 4178 1420 4262 originem
1441 4172 1581 4239 Diomedi

570 4295 737 4381 praedicat
784 4295 892 4381 Ipsum
923 4295 1107 4362 vocabulum
1138 4296 1278 4377 ἒξεὺχετο
1308 4293 1452 4359 convenit
1474 4290 1581 4355 Glauci

571 4411 655 4497 opud
678 4413 848 4478 Homerum
870 4413 1039 4477 narrationi
1063 4416 1126 4479 211
