3725 5542
1000 682 1043 741 80

511 876 585 941 baec
615 878 682 962 ipsa
713 878 739 941 ei
764 899 856 941 causa
878 877 1012 942 melioris
1036 878 1164 963 Diisque
1187 878 1338 963 dignioris
1361 880 1531 944 sententiae

510 996 679 1059 exsisteret.
716 998 818 1080 Atque
841 995 900 1058 hoe
924 1002 1026 1059 tamen
1048 995 1116 1059 loco
1135 995 1363 1081 quodammodo
1378 997 1529 1061 substitit.

557 1112 679 1176 Scilicet
703 1120 737 1176 ut
762 1113 925 1197 perfectam
947 1112 1103 1197 quandam
1118 1122 1260 1177 naturam
1277 1113 1433 1189 laudaret,
1450 1136 1531 1177 eam·

509 1252 585 1315 que,
617 1252 678 1315 qus
712 1230 789 1293 nihil
812 1238 913 1315 posset
938 1229 976 1293 ad
1001 1232 1145 1294 virtutem
1170 1232 1411 1295 consummatius
1434 1231 1528 1315 fingi,

510 1370 589 1431 quae
620 1370 713 1432 supra
744 1347 883 1411 homines
917 1355 998 1411 esset
1027 1348 1109 1411 sicut
1139 1347 1274 1431 perfecta
1297 1356 1453 1433 praestent
1474 1350 1532 1411 im·

513 1465 672 1551 perfectis,
705 1486 741 1528 eo
772 1465 945 1548 pervenisse
974 1463 1161 1543 Pindarum,
1190 1472 1283 1548 atque
1304 1464 1376 1528 ideo
1399 1466 1532 1548 pravita-

510 1590 573 1645 tem
597 1603 615 1644 a
637 1580 706 1645 Diis
736 1581 925 1665 sejunxisse,
959 1604 997 1644 ne
1026 1581 1096 1664 quis
1127 1582 1297 1645 existimet:
1325 1580 1466 1645 nondum
1489 1581 1529 1645 ab

512 1698 662 1785 ejusmodi
685 1696 838 1762 sententie
862 1696 1041 1780 religionem
1064 1696 1159 1761 ordiri
1182 1697 1209 1760 ei
1234 1698 1426 1782 propositum
1449 1698 1527 1761 luit:

512 1824 559 1881 est
582 1815 686 1894 aliud,
710 1814 793 1879 nolle
816 1814 953 1878 tribucre
968 1815 1058 1891 vitia,
1082 1814 1185 1892 aliud,
1206 1814 1375 1899 perfectum
1391 1816 1528 1879 venerari

512 1935 634 1998 virtutis
659 1941 689 1998 et
712 1934 823 1997 amoris
848 1931 1013 2015 exemplar.
1048 1930 1214 1995 Perfecisse
1238 1940 1341 1996 tamen
1358 1930 1526 1996 Pindarum
1648 1951 1653 1963 “

511 2050 561 2127 id,
593 2072 656 2135 quo
686 2050 812 2134 propius
843 2048 882 2111 ed
914 2048 1066 2133 ejusmodi
1098 2049 1283 2113 seutentiam
1313 2047 1528 2125 accederetur,

511 2167 600 2231 facile
633 2166 830 2249 intelligitur.
883 2164 943 2230 Sed
977 2173 1134 2251 practerea
1168 2187 1238 2229 eum
1272 2167 1307 2229 in
1340 2164 1530 2249 sejungenda

511 2286 663 2371 pravitate
693 2283 919 2369 quodammodo
950 2282 1123 2347 substitisse
1145 2282 1237 2346 modo
1260 2282 1449 2347 scribebam:
1476 2306 1531 2346 ne·

512 2426 571 2487 que
603 2402 684 2465 enim
716 2401 841 2465 omnino
872 2400 1029 2476 substitit,
1062 2401 1150 2483 sique
1172 2422 1236 2464 non
1258 2400 1441 2464 sententiam
1464 2399 1530 2483 pla-

511 2542 600 2597 nem,
625 2528 728 2584 tamen
745 2519 950 2604 suspicionem
968 2518 1007 2581 de
1023 2517 1128 2581 diviua
1142 2527 1255 2581 natura
1269 2517 1417 2601 protulit:
1433 2516 1529 2600 idque

512 2659 548 2702 eo
578 2638 661 2715 loeo,
692 2659 784 2721 quem
816 2637 980 2720 aliquoties
1000 2636 1064 2719 jam
1088 2636 1265 2719 attigimus,
1288 2634 1343 2700 ubi
1365 2634 1527 2698 Musarum

513 2757 597 2820 canit
619 2756 793 2841 imperium.
809 2755 833 2839 ¹)

559 2874 682 2939 Scilicet
712 2872 795 2958 apud
827 2871 998 2936 Homerum
1030 2871 1139 2935 Musae
1170 2878 1201 2935 et
1230 2877 1347 2935 norunt
1374 2871 1477 2934 omnia
1499 2878 1532 2933 et

512 2992 641 3057 tradunt
667 2991 864 3069 mortalibus,
883 2990 907 3073 ἵ)
929 2991 1101 3075 iisdemque
1123 2990 1156 3054 in
1179 2987 1313 3075 Olympo
1336 2989 1533 3054 oblectantur

513 3112 583 3189 Dii,
616 3134 712 3196 quum
742 3116 857 3174 canunt
886 3131 959 3173 voce
985 3108 1071 3172 suavi
1094 3116 1126 3173 ct
1147 3110 1229 3173 inter
1250 3130 1283 3171 se
1306 3108 1482 3192 excipiunt:
1500 3106 1528 3190 8)

512 3252 612 3315 neque
635 3228 717 3314 apud
741 3226 911 3291 Pindarum
935 3233 991 3290 aut
1010 3248 1111 3291 rernm
1127 3226 1255 3290 scientia
1271 3232 1376 3289 carent
1392 3232 1447 3289 aut
1460 3226 1530 3288 sine

513 3371 618 3414 earum
650 3368 777 3411 munere
808 3352 916 3430 poetae
947 3345 1067 3421 valent,
1091 3364 1149 3407 nec
1171 3365 1243 3408 vero
1266 3342 1352 3407 abest
1375 3342 1528 3406 suavitas:

515 3467 568 3532 sed
592 3472 748 3551 practerea
770 3462 885 3528 habent
909 3463 1046 3526 veritatis
1069 3461 1274 3546 patrocinium
1297 3468 1329 3524 et
1349 3460 1532 3525 vindicatio-

513 3608 601 3651 nem:
627 3584 653 3648 si
676 3582 800 3668 quidem
824 3580 894 3645 ideo
917 3581 1028 3664 fugant
1051 3601 1108 3643 sua
1125 3600 1199 3642 voce
1214 3577 1395 3663 Typhonem
1411 3598 1533 3640 omues-

513 3726 573 3790 quc
604 3703 708 3766 hostes
739 3699 886 3765 Deorum.
903 3701 930 3783 4)
966 3699 1070 3781 Atque
1099 3695 1159 3759 hoc
1190 3716 1304 3758 munus
1333 3694 1371 3757 iis
1403 3691 1531 3757 Dcabus

511 3821 664 3896 tribuere,
689 3840 768 3904 quae
791 3826 902 3880 cuncta
925 3822 1050 3899 regant,
1075 3820 1106 3877 et
1128 3812 1243 3897 quibus
1265 3812 1327 3896 ipsi
1348 3810 1459 3895 reliqui
1474 3808 1530 3873 Dii

512 3963 545 4005 se
576 3938 761 4003 submittant
791 3934 947 4011 volentes,
976 3932 1114 4017 prolecto
1144 3936 1208 4007 est,
1232 3929 1271 3993 de
1294 3927 1398 3992 divine
1420 3934 1532 3992 natura

509 4058 610 4143 deque
641 4057 707 4141 ejus
738 4054 866 4117 veritate
899 4047 1036 4135 aliquid,
1061 4046 1145 4134 quod
1168 4068 1274 4111 verum
1297 4044 1531 4131 perfectumque

511 4177 569 4255 sit,
593 4173 792 4261 suspicantis.

546 4374 571 4433 ι)
588 4373 629 4439 ry.
651 4372 673 4421 r.
692 4369 781 4448 ¹7⁸¹·
872 4368 898 4429 s)
917 4364 994 4415 rua.
1012 4364 1053 4413 η.
1068 4362 1133 4421 aas,
1149 4362 1208 4411 aas.
1297 4360 1323 4422 a)
1340 4358 1417 4409 rea.
1433 4358 1457 4408 1.
1474 4356 1533 4427 eoa,

542 4470 569 4527 ⁴)
588 4467 659 4517 conr.
675 4481 744 4529 m.
764 4462 813 4521 ατ,
831 4460 873 4513 cc.
