3725 5542
493 1746 959 1841 luuuRPRuuAulo
1010 1744 1242 1839 Liuius.

790 2071 915 2099 *⁴0*-

726 2324 921 2391 OLYMPIA
956 2325 983 2391 I.

688 2578 819 2624 mutuom
843 2580 1030 2637 suuscumo,

816 2816 896 2879 89140.

397 3025 662 3091 Praestantissima
685 3032 731 3090 est
754 3048 850 3111 aque,
874 3048 984 3091 surum
1001 3048 1088 3106 vero,
1105 3026 1363 3111 quemadmodum

352 3144 432 3229 iguis
455 3145 564 3209 emicet
586 3151 693 3221 nocte,
710 3143 800 3229 louge
815 3145 1111 3229 praestantissimum
1127 3153 1173 3210 est
1184 3145 1361 3211 divitiarum

351 3261 568 3347 superbarum:
605 3261 714 3346 quodsi
748 3262 914 3326 certamine
948 3261 1073 3327 laudere
1106 3263 1213 3348 cupis,
1248 3285 1267 3326 o
1295 3284 1362 3327 mea

351 3401 454 3458 meus,
485 3402 524 3444 ne
554 3401 645 3465 porro
676 3400 802 3463 quaeras
834 3379 919 3445 uliud
941 3378 1095 3444 foventius
1119 3377 1256 3444 lucidum
1278 3379 1363 3444 sidus

352 3518 405 3581 per
434 3495 515 3561 diem
547 3496 579 3560 in
609 3517 703 3561 vacuo
734 3496 875 3575 sethers,
907 3518 1008 3581 neque
1040 3494 1184 3582 Olympii
1213 3504 1364 3561 certamen
1401 3500 1442 3562 10

352 3615 451 3698 majus
473 3612 625 3677 dicemus:
650 3612 732 3678 uude
748 3612 993 3677 laudatissimum
1010 3634 1131 3678 cermen
1148 3612 1366 3697 circumjicitur

353 3730 507 3797 mentibus
538 3732 740 3817 sapientium,
772 3737 808 3794 ut
838 3736 949 3795 canunt
974 3729 1068 3795 Groui
1090 3729 1205 3808 filium,
1229 3730 1267 3796 sd
1292 3752 1368 3816 opu·

352 3848 467 3913 lentem
496 3850 650 3914 venientes
673 3848 856 3933 beatamque
879 3847 1023 3912 Hieronis
1046 3868 1146 3924 urum,
1171 3848 1226 3931 qui
1247 3847 1367 3933 regium

353 3974 505 4053 sceptrum
528 3974 639 4031 tractet
662 3966 693 4031 iu
717 3966 811 4031 divite
834 3966 952 4051 pecoris
974 3964 1094 4042 Sicilie,
1118 3963 1283 4049 decerpens
1303 3963 1366 4028 cul·

352 4085 435 4149 mins
457 4083 496 4149 de
517 4084 662 4149 laudibus
684 4083 846 4163 omnibus,
871 4089 902 4147 et
924 4081 1096 4147 oblectetur
1118 4082 1191 4146 flore
1215 4082 1364 4161 musicae,
1402 4087 1444 4147 20

354 4201 612 4288 quemadmodum
632 4202 689 4265 viri
704 4200 842 4265 ludimus
858 4222 948 4286 saepe
963 4199 1043 4265 circe
1058 4220 1194 4263 mensam
1210 4200 1363 4266 dilectem.

353 4320 469 4385 Verum
504 4320 629 4384 Dorium
664 4320 703 4385 de
733 4318 819 4383 elevo
849 4340 936 4384 sume
967 4317 1133 4393 cithsrsm,
1158 4317 1183 4380 si
1207 4316 1284 4402 quid
1307 4316 1364 4381 tibi

352 4436 440 4502 Pisce
469 4446 499 4501 et
522 4436 681 4501 Pherenici
704 4435 772 4501 leus
796 4442 927 4500 mentem
951 4432 1135 4500 dulcissimis
1158 4433 1241 4497 curis
1264 4432 1363 4517 subje·
1401 4436 1443 4500 30
