3725 5542
998 704 1040 766 84

516 906 572 971 hac
594 929 665 970 vcro
688 907 801 971 virtute
825 907 978 992 profectos
999 907 1153 992 Theognis
1176 907 1209 972 in
1224 907 1426 971 amicitiarum
1442 927 1521 971 com·

514 1025 707 1090 mendatione
738 1035 860 1111 apertus
891 1034 939 1090 est
969 1035 1000 1090 ει
1030 1026 1163 1090 Pindaro
1189 1026 1307 1091 similis.
1353 1026 1521 1110 Descripsit

514 1146 622 1210 acriter
654 1168 845 1210 communem
877 1145 1065 1210 fallaciarum
1095 1146 1248 1224 illuviem,
1273 1168 1335 1230 qna
1356 1167 1418 1210 non
1442 1147 1521 1229 tingi

513 1265 553 1327 sit
576 1264 715 1329 difficile:
731 1265 754 1348 ¹)
780 1266 843 1350 ipse
868 1287 938 1329 vero
954 1265 1125 1352 praecipit:
1149 1273 1227 1343 „ant
1248 1288 1316 1329 ama
1329 1288 1378 1328 me
1393 1273 1424 1328 ει
1439 1287 1521 1330 men-

512 1392 572 1448 tem
604 1383 701 1448 induc
722 1408 846 1469 puram,
871 1393 925 1448 ant
947 1386 1037 1471 rejice
1060 1384 1148 1462 odio,
1173 1385 1273 1470 palam
1297 1397 1439 1470 suscepta
1459 1384 1519 1449 dis·

511 1501 631 1566 cordia:
663 1502 717 1588 qni
749 1525 820 1566 vero
851 1525 913 1568 nne
944 1503 1051 1588 lingna
1079 1503 1233 1588 duplicem
1255 1513 1388 1567 mentem
1411 1503 1518 1581 habet,

510 1621 560 1684 hic
584 1621 701 1706 ignavis
725 1619 837 1685 sodalis
860 1629 922 1700 est,
948 1621 1030 1686 hunc
1045 1621 1149 1687 malim
1164 1622 1323 1687 inimicum
1339 1644 1430 1706 qnam
1446 1623 1520 1686 ami·

510 1762 578 1804 cum
609 1739 752 1805 habere.’'
765 1741 792 1824 ²)
838 1739 932 1805 Plane
960 1740 1034 1804 lraec
1055 1748 1194 1825 spectent
1217 1739 1339 1818 eodem,
1363 1761 1426 1826 qno
1449 1739 1519 1804 Pin-

509 1858 601 1922 darus
621 1859 757 1944 justitiae
778 1853 938 1945 praecepta
952 1858 1076 1936 retulit,
1092 1867 1200 1944 pectus
1214 1867 1353 1944 apertum
1369 1865 1400 1922 ει
1416 1880 1517 1922 veram

508 1979 675 2043 orationem
698 2001 762 2042 esse
781 1978 903 2064 jubens.
916 1979 943 2062 ³)
976 1977 1018 2041 Et
1040 2000 1111 2042 vero
1126 1976 1280 2062 Theognis
1295 1977 1395 2042 multa
1409 1999 1517 2062 passus

506 2105 570 2174 est,
594 2097 746 2182 equibus
770 2097 955 2162 calumniam
979 2106 1010 2161 et
1031 2096 1165 2160 fallacias
1189 2096 1289 2161 odisse
1312 2095 1470 2160 didicerat.

551 2215 667 2281 Verum
690 2216 748 2280 hoe
770 2217 871 2302 ipsum
895 2216 994 2280 multa
1016 2215 1098 2300 pati,
1126 2215 1245 2294 videre,
1268 2215 1401 2293 discere,
1425 2215 1516 2301 quale

505 2335 545 2398 sit
574 2343 604 2398 ct
632 2357 694 2420 qno
726 2333 839 2412 valcat,
868 2333 1034 2398 videamus.
1081 2332 1222 2398 Habetnr
1244 2334 1325 2398 enim
1347 2334 1514 2398 multarum

504 2475 604 2518 rerum
620 2455 806 2539 experientia
821 2476 1039 2540 saepenumero
1054 2454 1171 2538 optima
1186 2452 1335 2539 quaedam
1347 2455 1514 2538 sapientiae

504 2573 659 2656 magistra.
706 2572 747 2637 Ει
769 2572 902 2637 multum
926 2573 1062 2658 prolecto
1085 2595 1121 2635 ea
1143 2572 1224 2637 valet
1246 2571 1285 2636 ad
1301 2571 1512 2657 prudentiam,

506 2700 557 2770 nt,
582 2715 679 2777 quum
703 2693 831 2772 videris,
856 2693 931 2778 quid
955 2694 1021 2758 fieri
1036 2693 1146 2771 soleat,
1163 2702 1304 2757 eventum
1325 2715 1424 2756 rernm
1442 2703 1513 2756 ante

502 2813 685 2898 prospicias,
710 2837 729 2877 a
751 2813 929 2899 periculosis
953 2836 1076 2891 caveas,
1093 2813 1208 2877 tutiora
1222 2812 1351 2877 consilia
1365 2813 1512 2898 sequaris.

501 2929 542 2994 Et
565 2953 636 2996 vero
659 2954 750 3018 quam
775 2931 924 3018 plurimae
948 2955 985 2996 er
1008 2954 1044 2996 eo
1066 2931 1151 2996 tonte
1173 2932 1325 3017 profectae
1339 2940 1415 2996 sunt
1429 2953 1514 3017 pree·

500 3048 599 3114 clarae
629 3053 807 3116 sententiae.
847 3050 944 3115 Velut
966 3051 1197 3136 temperantiam
1221 3050 1341 3136 egregie
1363 3072 1513 3116 commen·

500 3168 584 3233 davit
599 3169 770 3256 Theognis:
786 3169 984 3255 „snperbiam
993 3168 1027 3247 ,’'
1041 3169 1101 3246 ait,
1124 3167 1231 3248 „Deus
1246 3169 1381 3253 primum
1395 3168 1511 3232 malum

498 3287 615 3352 homini
645 3287 747 3366 dedit,
776 3311 867 3374 quem
889 3309 952 3352 non
975 3287 1144 3352 dilecturus
1170 3286 1281 3372 sit.'’⁴)
1326 3286 1383 3351 Et:
1407 3287 1511 3372 „parit

497 3405 594 3470 fastus
625 3407 830 3493 snperbiam.”
843 3411 868 3490 ⁵)
908 3409 954 3471 Ac
977 3406 1096 3472 denno:
1120 3429 1181 3484 „ne
1204 3429 1341 3493 unquam
1363 3429 1509 3493 magnum

496 3524 649 3612 loquaris:
677 3549 767 3592 nemo
790 3527 870 3592 enim
894 3527 981 3592 novit
1004 3527 1180 3604 hominum,
1205 3524 1280 3612 quid
1303 3548 1365 3590 nox
1387 3535 1419 3591 ει
1440 3525 1507 3590 dies

498 3645 561 3710 viro
585 3645 752 3731 perficiat.”
765 3647 792 3730 ⁶)
828 3644 869 3712 Et
892 3655 994 3711 tamen
1017 3647 1165 3731 processit
1187 3645 1326 3730 longius,
1350 3651 1382 3740 pt
1405 3667 1509 3731 quam·

494 3765 540 3828 vis
563 3765 678 3852 optima
701 3765 811 3830 hebeat
834 3765 1031 3830 demonibus
1054 3773 1232 3851 praecepta,
1248 3786 1426 3850 quaenunc
1440 3787 1506 3849 per·

494 3885 581 3969 sequi
605 3906 666 3948 non
691 3885 853 3949 consilium
877 3893 941 3963 est,
965 3893 1067 3949 tamen
1091 3884 1247 3949 delabitur
1268 3883 1359 3948 etiam
1383 3881 1422 3946 ad
1442 3905 1508 3947 sen·

495 4003 622 4067 tentiam
645 4003 826 4069 deteriorem
850 4003 1076 4089 quodammodo
1099 4013 1130 4067 ει
1152 4002 1190 4067 ab
1206 4001 1305 4066 officio
1321 4011 1504 4066 avertentem

495 4133 525 4184 et
548 4121 737 4187 oberrantem
761 4146 780 4186 a
802 4145 882 4187 vero.
929 4121 1011 4208 Nam
1034 4122 1145 4186 summi
1167 4121 1254 4184 Jovis
1270 4121 1440 4207 suspiciens
1451 4121 1507 4184 im·

529 4408 553 4464 l)
572 4408 734 4468 ῦθ-ιῌθ
751 4413 776 4458 ει
791 4409 895 4473 saepius.
976 4410 1060 4472 Mt.
1141 4407 1382 4472 ”Commu

526 4505 627 4566 elta.
711 4506 810 4565 nuto.
893 4505 993 4567 olel.
