3725 5542
690 921 749 983 atat
772 920 904 995 πάμπαν
927 921 1032 983 ἀδίκων
1053 922 1132 999 ἔχειν
1154 919 1270 1001 ψυχάν.

477 1049 517 1113 Et
548 1072 617 1113 vero
648 1051 680 1113 in
707 1052 845 1135 justitiae
876 1052 1105 1135 multarumque
1136 1052 1283 1115 virtutum
1307 1051 1484 1115 laudatione

475 1181 630 1245 Pindarus
653 1190 684 1245 et
701 1182 789 1246 Plato
805 1182 942 1247 etmulti
958 1183 1119 1267 scriptores
1134 1184 1341 1248 consentiunt
1366 1181 1483 1246 Verum

476 1310 507 1373 in
542 1332 653 1394 magna
679 1312 893 1389 consensione,
917 1314 951 1375 in
974 1335 1037 1396 qua
1058 1312 1256 1376 dissensionis
1280 1312 1409 1396 vestigia
1431 1309 1483 1373 uix

476 1441 683 1524 reperiantur,
726 1450 828 1506 minen
867 1442 927 1506 alia
962 1442 1000 1507 ab
1034 1442 1095 1506 alio
1129 1442 1282 1506 sententia
1314 1442 1483 1527 impensius

476 1570 715 1636 commendatur.
762 1572 802 1636 Et
837 1574 868 1637 in
900 1574 1035 1637 caritatis
1066 1572 1190 1656 quidem
1221 1572 1485 1637 commendatione

476 1700 551 1785 quid
575 1710 763 1785 potestesse
787 1703 1001 1786 praestabilius
1024 1703 1180 1767 Pindaro?
1203 1704 1258 1787 qui
1281 1702 1387 1766 laudes
1407 1724 1486 1765 mor·

476 1829 584 1895 talium
608 1852 670 1895 non
694 1842 790 1895 terrae
814 1832 969 1917 hujusque
992 1834 1072 1896 vitae
1087 1834 1226 1897 terminis
1240 1832 1391 1896 contineri
1407 1852 1489 1895 nun·

477 1961 618 2037 ciaverit,
650 1983 754 2026 verum
779 1962 923 2026 laudibus
947 1962 985 2025 iis
1008 1962 1099 2026 etiam
1124 1963 1192 2027 illas
1215 1964 1331 2027 animas
1353 1961 1488 2047 gaudere

479 2104 510 2154 et
541 2094 674 2177 perfrui,
707 2116 786 2177 qnae
817 2116 911 2178 quum
940 2096 1005 2180 jam
1033 2117 1070 2158 ex
1093 2094 1150 2159 hao
1172 2096 1236 2158 vita
1257 2094 1485 2169 discessissent,

476 2230 579 2287 tamen
609 2226 767 2289 caritatem
798 2248 925 2290 suorum
950 2248 1014 2289 non
1037 2226 1251 2290 deseruissent.
1297 2224 1390 2288 Nunc
1413 2245 1487 2288 sane
1518 2318 1523 2323 '

477 2376 533 2438 ego
562 2364 724 2439 provectus
747 2364 846 2421 aetate
868 2358 966 2441 magis
989 2357 1149 2441 intelligo,
1173 2366 1290 2443 quanto
1312 2355 1389 2419 mibi
1412 2354 1487 2418 haee

477 2488 654 2569 praesertim
682 2488 785 2551 studia
814 2488 924 2551 solatio
955 2488 1087 2565 fuerint,
1119 2510 1234 2572 quum,
1258 2488 1290 2550 in
1315 2486 1381 2570 ipso
1404 2486 1485 2549 vitae

477 2617 550 2683 flore
583 2619 700 2703 optima
735 2631 766 2683 et
800 2620 1009 2683 amantissima
1041 2619 1171 2703 conjuge
1205 2618 1345 2693 orbatus,
1375 2639 1486 2700 cogna-

477 2754 578 2813 torum
614 2757 645 2813 et
676 2750 843 2815 multorum
871 2750 1037 2815 amicorum
1072 2750 1214 2815 eximiam
1249 2749 1406 2813 caritatem
1439 2768 1485 2809 re-

477 2880 645 2945 tinuissem.
673 2881 714 2945 Et
737 2905 814 2967 quae
838 2884 936 2967 prima
957 2881 996 2946 de
1011 2881 1145 2945 Pindaro
1159 2882 1192 2945 in
1209 2880 1367 2967 publicum
1382 2878 1481 2956 edidi,

477 3034 513 3077 ea
535 3013 602 3097 piae
625 3015 763 3099 conjugis
785 3016 947 3079 memorise
969 3014 1191 3078 consecrabam.
1218 3012 1332 3077 Verum
1348 3012 1481 3076 amicitia

477 3166 535 3207 sua
563 3145 611 3209 vel
642 3147 674 3210 in
705 3146 829 3232 primis,
861 3158 897 3211 ut
927 3148 1057 3223 novisti,
1089 3168 1136 3210 me
1166 3145 1348 3209 sustentavit
1369 3144 1480 3207 Petrus

476 3274 610 3341 Jacobus
633 3277 795 3357 Costerus,
820 3279 858 3343 de
880 3279 978 3343 literis
1001 3278 1056 3342 ille
1078 3288 1110 3341 et
1131 3276 1244 3342 sobolis
1262 3274 1482 3340 benemeritus

477 3408 620 3473 eximium
652 3410 684 3473 in
714 3410 849 3473 modum.
896 3408 961 3489 Qui
990 3409 1035 3473 ita
1052 3387 1112 3472 'me
1142 3408 1270 3482 amavit,
1302 3420 1339 3471 ut
1368 3404 1481 3468 liberos

478 3564 566 3622 suos,
587 3544 649 3627 jam
674 3550 763 3606 antea
785 3543 901 3627 optima
925 3550 1021 3605 matre
1044 3540 1184 3616 orbatos,
1201 3542 1384 3602 testamento
1400 3556 1485 3597 meae

478 3674 592 3739 tutelae
625 3674 818 3737 commiserit.
865 3675 967 3756 Atque
1002 3671 1057 3733 illo
1089 3680 1161 3733 ante
1191 3668 1248 3731 bos
1270 3674 1332 3729 tres
1354 3664 1486 3748 amplius

478 3828 573 3870 annos
611 3814 750 3881 mortuo,
790 3828 826 3869 ea
863 3806 967 3869 statim
998 3802 1094 3866 tutela
1124 3800 1163 3864 ab
1198 3797 1394 3881 adoptatione
1423 3816 1486 3857 non

478 3938 597 4001 differre
629 3937 692 4000 visa
720 3946 775 4000 est.
822 3934 939 3999 Verum
962 3934 1093 4009 novisti,
1117 3938 1234 4015 quanto
1255 3928 1344 3991 luctu
1365 3925 1486 3989 conflic-

478 4078 560 4133 tatus
591 4070 649 4133 sim
673 4068 729 4132 hoo
758 4069 825 4152 ipso
849 4075 1001 4150 tempore,
1025 4085 1122 4147 quum
1143 4062 1208 4145 jam
1230 4059 1264 4123 in
1288 4058 1380 4142 bujus
1402 4054 1488 4118 volu-

479 4200 569 4263 minis
592 4198 726 4263 editione
748 4198 884 4262 curanda
907 4203 1075 4279 occupatus
1098 4214 1190 4257 eram.
1236 4188 1313 4253 Eras
1336 4187 1420 4271 apud
1438 4208 1487 4249 me

478 4352 549 4395 oum
581 4351 673 4393 uxore
702 4338 757 4394 tua
785 4329 857 4393 anui
880 4326 1011 4412 proximi
1034 4330 1165 4388 aestate:
1189 4318 1389 4385 delectabaris
1411 4318 1488 4381 meis

478 4460 630 4546 adoptatis
654 4462 716 4526 filio
739 4472 770 4526 et
793 4459 931 4525 filiabus:
950 4456 1073 4521 videbas
1088 4454 1249 4518 maximam
1267 4458 1343 4515 natu
1358 4449 1484 4523 harum,
