3725 5542
825 738 887 800 249

353 950 463 1011 simum
488 948 604 1011 artibus
628 946 726 1008 instar
750 943 817 1007 Dei.
858 942 898 1003 Et
922 941 1080 1020 Medeam,
1105 966 1183 1026 quae
1207 943 1367 1007 adversata

353 1066 432 1151 patri
463 1064 521 1129 sibi
546 1062 733 1128 connubium
758 1060 846 1137 feeit,
879 1060 965 1124 navis
990 1061 1091 1143 Argus
1116 1060 1309 1125 servatricem
1334 1070 1366 1123 et

350 1184 571 1247 ministrorum.
597 1184 699 1264 Atque
719 1180 808 1243 etiam
833 1176 1001 1262 aliquando
1017 1200 1165 1242 manuum
1182 1178 1291 1243 robore
1307 1201 1362 1265 pro
1402 1184 1442 1241 ab

352 1301 489 1367 Dardani
520 1300 616 1365 muris
640 1298 697 1362 visi
724 1306 797 1362 sunt
820 1319 993 1381 pugnarum
1018 1297 1173 1381 utrimque
1199 1298 1367 1363 resecuisse

353 1424 464 1485 linem:
507 1419 560 1483 alii
595 1416 722 1501 quidem
757 1439 827 1480 eum
862 1438 931 1480 cara
966 1426 1057 1500 gente
1093 1418 1179 1480 Atrei
1215 1415 1365 1481 Helenam

354 1537 552 1604 reducentes:
578 1538 630 1601 alii
655 1558 724 1601 vero
749 1558 873 1621 prorsus
890 1544 1037 1601 arcentes.
1076 1536 1122 1600 Ex
1137 1536 1232 1621 Lycia
1247 1538 1368 1601 venien·

354 1666 417 1722 tem
440 1658 594 1721 Glaucum
617 1662 767 1721 tremuere
792 1654 908 1719 Danai:
933 1655 996 1719 illis
1021 1678 1091 1719 vero
1108 1655 1310 1741 praedicavit,
1335 1655 1367 1719 in

355 1777 430 1842 urbe
454 1776 582 1840 Pirenae
606 1774 766 1860 patrissui
786 1774 949 1859 imperium
970 1797 1035 1839 esse
1052 1784 1083 1839 et
1097 1774 1229 1839 fundum
1245 1775 1368 1861 proluu-

354 1895 426 1960 dum
453 1894 656 1979 domumque:
681 1893 734 1978 qui
759 1894 898 1979 vipereae
921 1894 1020 1958 filium
1044 1894 1198 1979 Gorgonis
1214 1894 1367 1980 Pegasum
1404 1895 1444 1954 llll

355 2014 521 2098 aliquando
546 2013 583 2077 ad
609 2014 707 2077 fontes
724 2012 842 2076 frenare
858 2013 985 2097 cupiens
1003 2013 1101 2077 multa
1118 2036 1189 2076 sane
1206 2035 1368 2098 perpessus

355 2140 418 2208 est,
455 2132 633 2217 priusquam
668 2130 714 2195 illi
749 2130 849 2195 aureis
885 2131 971 2196 trena
1001 2130 1117 2215 lupatis
1149 2131 1235 2216 virgo
1266 2129 1368 2195 Pallas

355 2251 444 2315 tulit:
481 2274 496 2313 e
528 2250 647 2315 somnio
678 2250 825 2313 continuo
861 2258 1054 2334 experrectus
1090 2260 1151 2314 est:
1189 2249 1241 2313 illa
1273 2250 1368 2314 dixit:

356 2370 527 2446 dormisne,
545 2390 596 2433 rex
613 2366 764 2432 Aeolide?
783 2390 853 2453 age,
871 2376 1013 2451 equestre
1029 2368 1088 2431 hoe
1103 2370 1366 2432 incantamentum

357 2490 475 2573 accipe,
512 2498 543 2551 et
577 2488 709 2551 Damaso
741 2487 821 2572 patri
852 2495 977 2552 taurum
1009 2486 1175 2551 candidum
1207 2486 1369 2550 immolans

357 2608 435 2673 illud
459 2608 594 2671 ostende.
631 2605 805 2691 Conspiaua
828 2605 936 2690 aegide
960 2607 1045 2691 virgo
1070 2605 1145 2670 haec
1163 2606 1210 2669 illi
1228 2605 1370 2669 stertenti
1412 2608 1468 2667 100

357 2726 457 2791 dicere
490 2726 555 2789 visa
586 2734 641 2789 est.
689 2724 838 2789 Prosiluit
869 2735 970 2789 ereoto
1002 2724 1096 2810 pede:
1130 2733 1177 2801 et,
1205 2732 1370 2810 postquam

353 2846 444 2930 juxta
463 2844 599 2929 positum
617 2844 727 2908 sumsit
746 2851 937 2927 portentum,
959 2844 1135 2928 indigenam
1153 2853 1253 2907 vatem
1270 2842 1370 2907 laetus

357 2964 491 3041 invenit,
524 2963 720 3047 ostenditque
749 2960 937 3027 Coeranidae
960 2985 1081 3026 omnem
1106 2962 1223 3026 exitum
1246 2961 1310 3040 rei,
1335 2969 1371 3025 ut

357 3083 396 3147 ad
420 3105 503 3147 aram
527 3082 602 3147 deae
628 3090 718 3146 noete
742 3081 885 3146 cubuerit
900 3081 1071 3146 seeundum
1086 3081 1171 3146 illius
1186 3080 1369 3166 augurium:

357 3211 387 3267 et
417 3200 572 3286 quomodo
603 3201 661 3265 sibi
693 3202 758 3286 ipsa
786 3200 872 3265 Jovis
903 3202 1014 3287 fulgidi
1046 3210 1119 3266 nata
1150 3200 1269 3265 dederit
1292 3221 1372 3264 oom-
1410 3202 1470 3260 llll

358 3343 482 3407 poscens
514 3342 634 3385 aurum.
680 3320 806 3384 Somnio
836 3319 924 3385 illum
953 3342 1045 3404 quam
1069 3320 1225 3384 celerrime
1249 3317 1371 3383 obedire

354 3440 466 3526 jussit,
498 3448 659 3524 postquam
691 3461 762 3504 vero
791 3441 910 3525 potenti
932 3446 1056 3503 taurum
1079 3438 1267 3503 immolasset
1289 3436 1371 3522 Nep

357 3570 451 3636 tuno,
477 3558 610 3641 equestri
634 3580 716 3622 aram
739 3558 896 3623 Minervae
912 3566 1046 3622 statuere
1062 3558 1219 3622 continuo.
1249 3556 1372 3621 Perlieit

358 3677 485 3742 deorum
521 3677 659 3762 potentia
697 3684 840 3741 eventum
876 3678 968 3741 etiam
1004 3685 1122 3762 praeter
1153 3674 1371 3762 jusjurandum

358 3806 537 3881 praeterque
568 3795 664 3860 levem
696 3818 790 3881 spem.
839 3796 981 3860 Proiecto
1011 3796 1104 3860 etiam
1128 3795 1215 3859 fortis
1239 3793 1373 3858 Bellero·

359 3916 488 4001 phontes
505 3915 586 3999 oepit
602 3936 717 3997 equum
734 3914 864 3992 alatum,
882 3915 950 3978 miti
962 3916 1078 3979 circum
1091 3914 1232 3978 maxillas
1242 3913 1371 3978 obtensa
1410 3913 1470 3974 120

358 4032 568 4098 medicamine.
623 4033 791 4097 Adscendit
827 4034 858 4097 in
895 4056 966 4097 eum
1001 4032 1104 4097 statim
1138 4032 1269 4097 indutus
1304 4054 1372 4095 aere

352 4153 509 4236 armisque
544 4152 627 4217 lusit.
683 4152 761 4216 Cum
793 4153 847 4216 illo
885 4154 977 4217 etiam
1007 4152 1173 4237 aliquando
1205 4175 1221 4215 e
1252 4150 1371 4215 sinibus

359 4272 436 4335 aeris
467 4271 571 4356 frigidi
595 4272 682 4336 vaoui
707 4272 910 4356 sagittiferum
939 4272 1050 4336 feriens
1074 4270 1238 4335 mulierum
1262 4270 1372 4333 exerei-

359 4400 424 4455 tum
460 4400 491 4455 et
529 4388 719 4455 Chimaeram
755 4392 941 4477 ignivomam
976 4401 1008 4455 et
1038 4390 1178 4475 Solymos
1207 4388 1370 4452 interfecit.
1411 4390 1471 4449 130

358 4507 460 4572 Silebo
491 4510 556 4595 ejus
591 4518 719 4573 mortem
752 4532 818 4595 ego.
865 4509 959 4574 Illum
990 4511 1023 4573 in
1054 4508 1185 4593 Olympo
1217 4505 1372 4593 praesepia
