3725 5542
969 697 1036 759 304

487 905 575 959 turae
598 896 729 960 mutatio
753 902 800 960 est
823 892 874 959 Ol.
898 894 916 959 I
941 898 983 959 16
1005 902 1103 979 σοφῶν
1125 898 1261 975 μητίεσσι
1283 935 1330 947 -
1349 899 1504 976 ἱκομένους.

488 1013 646 1077 Audacius
669 1014 762 1078 etiarn
786 1013 976 1099 Aeschylus,
1000 1012 1095 1079 choc.
1119 1017 1185 1079 410

710 1132 867 1197 πέπαλται
890 1132 915 1197 δ’
939 1128 1012 1199 αὖτέ
1033 1157 1083 1212 μοι
1105 1134 1193 1217 φίλον
1215 1136 1286 1212 κέαρ

711 1250 792 1317 τόνδε
814 1249 961 1317 κλύουσαν
983 1247 1087 1319 οἶκτον.

534 1370 586 1431 89.
622 1368 790 1449 ὁμόκλαρον.
827 1369 976 1453 Argutior
997 1369 1093 1434 estin
1109 1368 1235 1433 scholiis
1251 1369 1346 1455 hujus
1362 1368 1505 1434 vocabuli

488 1494 518 1551 et
549 1492 643 1551 κοινῶν
672 1488 804 1568 χαρίτων
830 1486 1012 1571 explicatio,
1036 1509 1130 1573 qnam
1152 1487 1297 1553 nonnulli
1320 1489 1504 1575 posteriores

488 1605 669 1689 interpretes
693 1606 788 1669 secuti
812 1613 903 1684 sunt,
928 1605 1111 1671 Xenocratis
1126 1607 1294 1672 certamina
1309 1608 1376 1692 ejus
1392 1607 1505 1691 pariter

487 1730 518 1786 et
540 1722 690 1788 'l'heronis
713 1725 928 1789 communibus
951 1726 1105 1791 sumtibus
1128 1734 1234 1812 parata
1248 1725 1354 1791 fuisse.
1388 1725 1503 1789 Melius

488 1839 672 1905 Karstenius
696 1842 742 1905 vel
766 1841 903 1927 ejusdem
926 1844 1039 1922 sortis,
1063 1866 1173 1928 nempe
1195 1844 1358 1920 victoriae,
1383 1843 1504 1928 partici-

487 1980 573 2043 pem,
605 1960 653 2023 vel
684 1960 821 2044 ejusdem
853 1961 1032 2045 patrimonii
1064 1968 1255 2038 consortem,
1288 1962 1308 2025 i.
1338 1961 1501 2025 efratrem

486 2099 685 2161 germanum,
716 2078 881 2163 significari
909 2080 1076 2144 existimat.
1122 2079 1170 2142 Er
1193 2078 1343 2164 exemplis
1367 2100 1428 2143 uon
1453 2100 1506 2164 po·

487 2203 548 2258 test
570 2195 703 2260 multum
728 2196 850 2281 profici,
873 2218 970 2281 quum
991 2197 1103 2276 semel,
1120 2204 1272 2281 quantum
1288 2198 1369 2273 scio,
1388 2205 1506 2282 praeter

486 2313 570 2377 hunc
600 2313 722 2392 locum,
752 2314 938 2379 vocabulum
970 2316 1072 2399 ipsum
1104 2315 1225 2400 legatur
1255 2312 1347 2378 Nem.
1370 2313 1418 2377 IX
1445 2316 1504 2390 12,

487 2432 541 2496 ubi
566 2432 679 2517 Apollo
703 2440 733 2497 et
757 2432 890 2497 Artemis
914 2432 1111 2518 appellantur
1133 2433 1298 2513 ὁμόκλαρον.
1322 2431 1506 2495 Scholiasta·

488 2572 556 2615 rum
580 2550 775 2635 explicationi
799 2551 866 2635 ipna
889 2551 984 2636 hujus
1000 2551 1060 2615 loci
1076 2550 1169 2615 verba
1183 2559 1374 2635 repugnant,
1390 2572 1504 2635 quum,

488 2688 629 2753 expresso
653 2669 744 2732 etiarn
769 2669 950 2753 pronomine
973 2669 1062 2740 αὐτὸς
1086 2691 1176 2732 versu
1200 2671 1263 2745 87,
1288 2668 1386 2752 ipsius
1402 2676 1434 2731 et
1449 2668 1504 2731 lra-

487 2788 543 2851 tris
575 2787 719 2850 victoriae
750 2795 855 2865 tauta,
888 2795 1006 2872 quanta
1036 2787 1101 2851 fieri
1132 2794 1254 2872 potest,
1289 2786 1506 2871 perspicuitate

487 2906 569 2969 inter
592 2927 624 2968 se
648 2903 898 2989 distinguantur:
923 2927 980 2967 nec
1003 2905 1139 2969 carmine
1161 2903 1276 2988 Pythio
1292 2903 1341 2967 VI
1356 2902 1507 2969 necIsth·

487 3024 550 3087 mio
574 3022 629 3101 H,
654 3023 768 3107 quibus
789 3022 977 3087 carminibus
993 3021 1179 3086 Xenocratis
1194 3023 1339 3086 victoriae
1354 3022 1509 3087 celebran-

488 3148 556 3219 tur,
589 3140 759 3225 quidquam
788 3140 918 3226 legitur,
951 3140 1035 3225 quod
1067 3140 1218 3226 ejusmodi
1244 3139 1444 3225 explicationi
1466 3140 1508 3203 sit

487 3280 677 3343 congruum:
709 3278 809 3342 neque
841 3259 873 3322 in
901 3258 1027 3323 scholiis
1050 3280 1156 3323 eorum
1178 3259 1366 3336 carminum,
1390 3266 1428 3322 nt
1449 3279 1508 3322 suo

488 3376 556 3440 loco
579 3375 762 3441 videbimus.
798 3375 831 3439 si
855 3377 947 3440 sortis
963 3399 1000 3441 ea
1015 3378 1191 3441 communio
1206 3378 1416 3461 significatur,
1428 3398 1507 3461 quae

488 3495 520 3558 in
537 3495 698 3578 utriusque
713 3495 888 3559 constiterit
903 3496 1049 3572 victoria,
1066 3502 1113 3559 est
1127 3495 1253 3579 quidem
1268 3494 1420 3579 quaedam
1435 3516 1506 3559 cum

489 3612 547 3677 hoc
571 3613 639 3675 loco
662 3611 834 3676 similitudo
858 3614 891 3677 in
914 3635 974 3676 usu
998 3612 1083 3677 verbi
1105 3614 1233 3693 κληοόω,
1261 3610 1312 3677 01.
1336 3611 1419 3676 vm
1446 3616 1504 3689 19,

488 3730 543 3795 nbi
559 3731 591 3794 in
609 3730 813 3795 memorandis
829 3729 963 3794 duorum
979 3730 1108 3795 fratrum
1125 3730 1262 3795 victoriis
1274 3729 1370 3795 Poeta
1385 3729 1506 3794 scribit:

769 3848 852 3927 ὔμμε
874 3849 900 3912 δ’
923 3849 1086 3929 ἐκλάρωσεν
1108 3849 1220 3928 πότμος

724 3966 792 4040 Ζηνὶ
814 3965 961 4047 γενεθλίῳ.

532 4082 601 4149 Hoc
624 4090 728 4147 umen
750 4082 836 4161 loco,
860 4083 976 4167 pariter
997 4090 1034 4147 nt
1056 4082 1146 4147 Nem.
1177 4082 1224 4146 IX
1251 4085 1307 4161 12,
1332 4105 1395 4147 non
1422 4081 1509 4146 aliud

486 4202 650 4289 significari
683 4200 774 4265 credo
806 4200 866 4264 nisi
888 4200 1018 4265 tranum
1041 4222 1258 4287 germanorum
1281 4200 1507 4287 cognationem.

488 4320 530 4385 Et
560 4319 649 4385 moal
680 4319 802 4400 χάριτες
835 4317 998 4397 dicuntur,
1022 4342 1102 4405 qnae
1125 4320 1239 4405 pariter
1261 4318 1420 4384 amborum
1442 4318 1508 4383 lau·

491 4436 583 4501 dibus
606 4434 830 4519 decoribnsque
852 4436 1004 4501 faverunt.
