<?xml version="1.0" encoding="UTF-8"?>
<!DOCTYPE html PUBLIC "-//W3C//DTD XHTML 1.0 Transitional//EN"
    "http://www.w3.org/TR/xhtml1/DTD/xhtml1-transitional.dtd">
<html xmlns="http://www.w3.org/1999/xhtml" xml:lang="en" lang="en">
 <head>
  <title>
</title>
<meta http-equiv="Content-Type" content="text/html;charset=utf-8" />
  <meta name='ocr-system' content='tesseract 3.04.00' />
  <meta name='ocr-capabilities' content='ocr_page ocr_carea ocr_par ocr_line ocrx_word'/>
</head>
<body>
  <div class='ocr_page' id='page_1' title='image "./pindaricarminao01pindgoog_0298.png"; bbox 0 0 3725 5542; ppageno 0'>
   <div class='ocr_carea' id='block_1_1' title="bbox 978 724 1043 785">
    <p class='ocr_par' dir='ltr' id='par_1_1' title="bbox 978 724 1043 785">
     <span class='ocr_line' id='line_1_1' title="bbox 978 724 1043 785; baseline 0.015 -1"><span class='ocrx_word' id='word_1_1' title='bbox 978 724 1043 785; x_wconf 80' lang='lat'>284</span> 
     </span>
    </p>
   </div>
   <div class='ocr_carea' id='block_1_2' title="bbox 499 923 1515 1602">
    <p class='ocr_par' dir='ltr' id='par_1_2' title="bbox 499 923 1515 1602">
     <span class='ocr_line' id='line_1_2' title="bbox 552 923 1515 1007; baseline 0.004 -22"><span class='ocrx_word' id='word_1_2' title='bbox 552 924 623 986; x_wconf 85' lang='lat'><strong>158.</strong></span> <span class='ocrx_word' id='word_1_3' title='bbox 656 923 763 988; x_wconf 71' lang='grc' dir='ltr'><strong><em>εὐδίαν.</em></strong></span> <span class='ocrx_word' id='word_1_4' title='bbox 796 923 922 1007; x_wconf 81' lang='lat' dir='ltr'><strong>Proprie</strong></span> <span class='ocrx_word' id='word_1_5' title='bbox 953 923 1107 1007; x_wconf 81' lang='lat' dir='ltr'>significat</span> <span class='ocrx_word' id='word_1_6' title='bbox 1137 925 1243 988; x_wconf 86' lang='lat' dir='ltr'>mitem</span> <span class='ocrx_word' id='word_1_7' title='bbox 1269 923 1348 988; x_wconf 89' lang='lat' dir='ltr'>coeli</span> <span class='ocrx_word' id='word_1_8' title='bbox 1371 926 1515 989; x_wconf 86' lang='lat' dir='ltr'>serenita-</span> 
     </span>
     <span class='ocr_line' id='line_1_3' title="bbox 500 1038 1490 1123; baseline 0.004 -19"><span class='ocrx_word' id='word_1_9' title='bbox 500 1050 580 1104; x_wconf 89' lang='lat' dir='ltr'>tem:</span> <span class='ocrx_word' id='word_1_10' title='bbox 605 1039 661 1104; x_wconf 84' lang='lat' dir='ltr'>Ist.</span> <span class='ocrx_word' id='word_1_11' title='bbox 687 1038 751 1103; x_wconf 82' lang='lat' dir='ltr'>VII</span> <span class='ocrx_word' id='word_1_12' title='bbox 774 1042 815 1103; x_wconf 76' lang='lat'>52</span> <span class='ocrx_word' id='word_1_13' title='bbox 839 1040 987 1122; x_wconf 67' lang='grc' dir='ltr'>Γαιάοχος</span> <span class='ocrx_word' id='word_1_14' title='bbox 1013 1041 1109 1106; x_wconf 64' lang='grc' dir='ltr'><strong><em>εὐδίαν</em></strong></span> <span class='ocrx_word' id='word_1_15' title='bbox 1129 1041 1260 1106; x_wconf 70' lang='grc' dir='ltr'>ὄπασσεν</span> <span class='ocrx_word' id='word_1_16' title='bbox 1282 1044 1316 1106; x_wconf 81' lang='grc' dir='ltr'>ἐκ</span> <span class='ocrx_word' id='word_1_17' title='bbox 1337 1050 1490 1123; x_wconf 69' lang='grc' dir='ltr'>χειμῶνος.</span> 
     </span>
     <span class='ocr_line' id='line_1_4' title="bbox 548 1156 1512 1245; baseline 0.006 -26"><span class='ocrx_word' id='word_1_18' title='bbox 548 1161 621 1223; x_wconf 79' lang='grc'><strong>159.</strong></span> <span class='ocrx_word' id='word_1_19' title='bbox 655 1158 690 1223; x_wconf 76' lang='grc' dir='ltr'>τὸ</span> <span class='ocrx_word' id='word_1_20' title='bbox 713 1158 736 1222; x_wconf 77' lang='grc' dir='ltr'>δ’</span> <span class='ocrx_word' id='word_1_21' title='bbox 759 1159 815 1225; x_wconf 71' lang='lat' dir='ltr'>olel.</span> <span class='ocrx_word' id='word_1_22' title='bbox 851 1159 913 1225; x_wconf 77' lang='lat' dir='ltr'>&#39;Asi</span> <span class='ocrx_word' id='word_1_23' title='bbox 938 1182 1009 1223; x_wconf 91' lang='lat' dir='ltr'>cnm</span> <span class='ocrx_word' id='word_1_24' title='bbox 1032 1158 1199 1239; x_wconf 64' lang='grc' dir='ltr'><em>παράμερον</em></span> <span class='ocrx_word' id='word_1_25' title='bbox 1222 1156 1421 1245; x_wconf 87' lang='lat' dir='ltr'>conjunctum</span> <span class='ocrx_word' id='word_1_26' title='bbox 1450 1169 1512 1225; x_wconf 85' lang='lat' dir='ltr'>cst:</span> 
     </span>
     <span class='ocr_line' id='line_1_5' title="bbox 500 1276 1512 1364; baseline 0.004 -24"><span class='ocrx_word' id='word_1_27' title='bbox 500 1276 614 1341; x_wconf 90' lang='lat' dir='ltr'>bonum</span> <span class='ocrx_word' id='word_1_28' title='bbox 645 1277 695 1356; x_wconf 87' lang='lat' dir='ltr'>id,</span> <span class='ocrx_word' id='word_1_29' title='bbox 727 1278 811 1362; x_wconf 90' lang='lat' dir='ltr'>quod</span> <span class='ocrx_word' id='word_1_30' title='bbox 842 1301 962 1363; x_wconf 78' lang='lat' dir='ltr'><strong>semper</strong></span> <span class='ocrx_word' id='word_1_31' title='bbox 991 1300 1114 1362; x_wconf 92' lang='lat' dir='ltr'>quoque</span> <span class='ocrx_word' id='word_1_32' title='bbox 1141 1278 1191 1343; x_wconf 87' lang='lat' dir='ltr'>die</span> <span class='ocrx_word' id='word_1_33' title='bbox 1221 1279 1385 1343; x_wconf 79' lang='lat' dir='ltr'>comitatur</span> <span class='ocrx_word' id='word_1_34' title='bbox 1413 1302 1512 1364; x_wconf 83' lang='lat' dir='ltr'>neque</span> 
     </span>
     <span class='ocr_line' id='line_1_6' title="bbox 499 1396 1514 1484; baseline 0.003 -25"><span class='ocrx_word' id='word_1_35' title='bbox 499 1418 633 1482; x_wconf 88' lang='lat' dir='ltr'>unquam</span> <span class='ocrx_word' id='word_1_36' title='bbox 665 1396 794 1475; x_wconf 84' lang='lat' dir='ltr'>deserit,</span> <span class='ocrx_word' id='word_1_37' title='bbox 826 1420 1003 1482; x_wconf 87' lang='lat' dir='ltr'>supremum</span> <span class='ocrx_word' id='word_1_38' title='bbox 1033 1398 1134 1476; x_wconf 89' lang='lat' dir='ltr'>venit,</span> <span class='ocrx_word' id='word_1_39' title='bbox 1166 1399 1186 1461; x_wconf 92' lang='lat' dir='ltr'>i.</span> <span class='ocrx_word' id='word_1_40' title='bbox 1210 1422 1237 1462; x_wconf 91' lang='lat' dir='ltr'>e.</span> <span class='ocrx_word' id='word_1_41' title='bbox 1265 1421 1443 1484; x_wconf 87' lang='lat' dir='ltr'>supremum</span> <span class='ocrx_word' id='word_1_42' title='bbox 1467 1406 1514 1464; x_wconf 87' lang='lat' dir='ltr'>cst</span> 
     </span>
     <span class='ocr_line' id='line_1_7' title="bbox 499 1516 1515 1602; baseline 0.003 -24"><span class='ocrx_word' id='word_1_43' title='bbox 499 1536 594 1597; x_wconf 90' lang='lat' dir='ltr'>quum</span> <span class='ocrx_word' id='word_1_44' title='bbox 619 1516 718 1593; x_wconf 87' lang='lat' dir='ltr'>veuit,</span> <span class='ocrx_word' id='word_1_45' title='bbox 743 1532 840 1599; x_wconf 85' lang='lat' dir='ltr'>quum</span> <span class='ocrx_word' id='word_1_46' title='bbox 863 1517 1033 1600; x_wconf 84' lang='lat' dir='ltr'>contingit,</span> <span class='ocrx_word' id='word_1_47' title='bbox 1057 1516 1142 1580; x_wconf 92' lang='lat' dir='ltr'>omni</span> <span class='ocrx_word' id='word_1_48' title='bbox 1165 1517 1293 1582; x_wconf 90' lang='lat' dir='ltr'>homini.</span> <span class='ocrx_word' id='word_1_49' title='bbox 1339 1516 1515 1602; x_wconf 85' lang='lat' dir='ltr'>Respicitur</span> 
     </span>
    </p>
   </div>
   <div class='ocr_carea' id='block_1_3' title="bbox 500 1631 1516 1721">
    <p class='ocr_par' dir='ltr' id='par_1_3' title="bbox 500 1631 1516 1721">
     <span class='ocr_line' id='line_1_8' title="bbox 500 1631 1516 1721; baseline 0.002 -24"><span class='ocrx_word' id='word_1_50' title='bbox 500 1632 540 1697; x_wconf 86' lang='lat' dir='ltr'>ad</span> <span class='ocrx_word' id='word_1_51' title='bbox 563 1633 720 1697; x_wconf 86' lang='lat' dir='ltr'>victoriam</span> <span class='ocrx_word' id='word_1_52' title='bbox 744 1631 954 1719; x_wconf 78' lang='lat' dir='ltr'>Olympicam,</span> <span class='ocrx_word' id='word_1_53' title='bbox 985 1656 1081 1720; x_wconf 85' lang='lat' dir='ltr'>quae,</span> <span class='ocrx_word' id='word_1_54' title='bbox 1106 1649 1144 1698; x_wconf 89' lang='lat' dir='ltr'>ut</span> <span class='ocrx_word' id='word_1_55' title='bbox 1165 1635 1257 1699; x_wconf 93' lang='lat' dir='ltr'>modo</span> <span class='ocrx_word' id='word_1_56' title='bbox 1280 1634 1376 1700; x_wconf 88' lang='lat' dir='ltr'>Poeta</span> <span class='ocrx_word' id='word_1_57' title='bbox 1398 1636 1516 1721; x_wconf 85' lang='lat' dir='ltr'>praedi·</span> 
     </span>
    </p>
   </div>
   <div class='ocr_carea' id='block_1_4' title="bbox 494 1750 1515 4547">
    <p class='ocr_par' dir='ltr' id='par_1_4' title="bbox 499 1750 1515 1956">
     <span class='ocr_line' id='line_1_9' title="bbox 500 1750 1515 1837; baseline 0.002 -22"><span class='ocrx_word' id='word_1_58' title='bbox 500 1751 598 1829; x_wconf 90' lang='lat' dir='ltr'>cavit,</span> <span class='ocrx_word' id='word_1_59' title='bbox 631 1773 691 1815; x_wconf 90' lang='lat' dir='ltr'>nou</span> <span class='ocrx_word' id='word_1_60' title='bbox 715 1750 754 1814; x_wconf 87' lang='lat' dir='ltr'>ad</span> <span class='ocrx_word' id='word_1_61' title='bbox 778 1753 880 1837; x_wconf 92' lang='lat' dir='ltr'>ipsum</span> <span class='ocrx_word' id='word_1_62' title='bbox 904 1760 1026 1837; x_wconf 88' lang='lat' dir='ltr'>tempus</span> <span class='ocrx_word' id='word_1_63' title='bbox 1050 1752 1210 1829; x_wconf 84' lang='lat' dir='ltr'>victoriae,</span> <span class='ocrx_word' id='word_1_64' title='bbox 1239 1752 1292 1817; x_wconf 85' lang='lat' dir='ltr'>sed</span> <span class='ocrx_word' id='word_1_65' title='bbox 1317 1776 1515 1837; x_wconf 87' lang='lat' dir='ltr'>peromnem</span> 
     </span>
     <span class='ocr_line' id='line_1_10' title="bbox 499 1870 1216 1956; baseline 0.003 -23"><span class='ocrx_word' id='word_1_66' title='bbox 499 1870 593 1933; x_wconf 87' lang='lat' dir='ltr'>vitam</span> <span class='ocrx_word' id='word_1_67' title='bbox 616 1870 766 1955; x_wconf 87' lang='lat' dir='ltr'>reliquam</span> <span class='ocrx_word' id='word_1_68' title='bbox 790 1880 938 1955; x_wconf 85' lang='lat' dir='ltr'>perpetua</span> <span class='ocrx_word' id='word_1_69' title='bbox 960 1870 1071 1935; x_wconf 81' lang='lat' dir='ltr'>tribuit</span> <span class='ocrx_word' id='word_1_70' title='bbox 1093 1871 1216 1956; x_wconf 84' lang='lat' dir='ltr'>gaudia.</span> 
     </span>
    </p>

    <p class='ocr_par' dir='ltr' id='par_1_5' title="bbox 498 1987 1515 2307">
     <span class='ocr_line' id='line_1_11' title="bbox 548 1987 1514 2072; baseline 0.002 -23"><span class='ocrx_word' id='word_1_71' title='bbox 548 1988 620 2051; x_wconf 78' lang='lat'><strong>162.</strong></span> <span class='ocrx_word' id='word_1_72' title='bbox 659 1994 860 2069; x_wconf 72' lang='grc' dir='ltr'>στεφανῶσαι.</span> <span class='ocrx_word' id='word_1_73' title='bbox 903 1987 982 2053; x_wconf 82' lang='lat' dir='ltr'>Vult</span> <span class='ocrx_word' id='word_1_74' title='bbox 1014 1989 1110 2053; x_wconf 87' lang='lat' dir='ltr'>Poeta</span> <span class='ocrx_word' id='word_1_75' title='bbox 1143 2011 1235 2053; x_wconf 86' lang='lat' dir='ltr'>suum</span> <span class='ocrx_word' id='word_1_76' title='bbox 1269 2012 1391 2053; x_wconf 88' lang='lat' dir='ltr'>carmen</span> <span class='ocrx_word' id='word_1_77' title='bbox 1425 1989 1514 2072; x_wconf 87' lang='lat' dir='ltr'>quasi</span> 
     </span>
     <span class='ocr_line' id='line_1_12' title="bbox 499 2104 1515 2193; baseline 0 -25"><span class='ocrx_word' id='word_1_78' title='bbox 499 2104 627 2169; x_wconf 86' lang='lat' dir='ltr'>alterius</span> <span class='ocrx_word' id='word_1_79' title='bbox 650 2128 778 2170; x_wconf 82' lang='lat' dir='ltr'>coronae</span> <span class='ocrx_word' id='word_1_80' title='bbox 801 2107 898 2170; x_wconf 87' lang='lat' dir='ltr'>instar</span> <span class='ocrx_word' id='word_1_81' title='bbox 921 2107 1045 2184; x_wconf 85' lang='lat' dir='ltr'>haberi,</span> <span class='ocrx_word' id='word_1_82' title='bbox 1069 2129 1149 2191; x_wconf 89' lang='lat' dir='ltr'>quae</span> <span class='ocrx_word' id='word_1_83' title='bbox 1164 2108 1278 2193; x_wconf 83' lang='lat' dir='ltr'>pariter</span> <span class='ocrx_word' id='word_1_84' title='bbox 1293 2114 1387 2191; x_wconf 83' lang='lat' dir='ltr'>atquc</span> <span class='ocrx_word' id='word_1_85' title='bbox 1402 2128 1515 2170; x_wconf 89' lang='lat' dir='ltr'>corona</span> 
     </span>
     <span class='ocr_line' id='line_1_13' title="bbox 498 2220 948 2307; baseline 0.011 -24"><span class='ocrx_word' id='word_1_86' title='bbox 498 2220 659 2307; x_wconf 81' lang='lat' dir='ltr'>Olympica</span> <span class='ocrx_word' id='word_1_87' title='bbox 682 2224 827 2287; x_wconf 86' lang='lat' dir='ltr'>victorem</span> <span class='ocrx_word' id='word_1_88' title='bbox 850 2232 948 2289; x_wconf 88' lang='lat' dir='ltr'>umet.</span> 
     </span>
    </p>

    <p class='ocr_par' dir='ltr' id='par_1_6' title="bbox 498 2341 1514 3132">
     <span class='ocr_line' id='line_1_14' title="bbox 546 2341 1514 2428; baseline 0.004 -26"><span class='ocrx_word' id='word_1_89' title='bbox 546 2342 619 2404; x_wconf 81' lang='lat'><strong>163.</strong></span> <span class='ocrx_word' id='word_1_90' title='bbox 654 2342 761 2421; x_wconf 78' lang='grc' dir='ltr'><em>ἱππείῳ</em></span> <span class='ocrx_word' id='word_1_91' title='bbox 791 2342 876 2421; x_wconf 71' lang='grc' dir='ltr'>νόμῳ.</span> <span class='ocrx_word' id='word_1_92' title='bbox 915 2342 1087 2427; x_wconf 84' lang='lat' dir='ltr'>Significari</span> <span class='ocrx_word' id='word_1_93' title='bbox 1117 2341 1239 2406; x_wconf 87' lang='lat' dir='ltr'>videtur</span> <span class='ocrx_word' id='word_1_94' title='bbox 1261 2352 1364 2407; x_wconf 84' lang='lat' dir='ltr'>certus</span> <span class='ocrx_word' id='word_1_95' title='bbox 1387 2341 1514 2428; x_wconf 88' lang='lat' dir='ltr'>quidam</span> 
     </span>
     <span class='ocr_line' id='line_1_15' title="bbox 499 2456 1514 2545; baseline 0.001 -25"><span class='ocrx_word' id='word_1_96' title='bbox 499 2458 669 2523; x_wconf 89' lang='lat' dir='ltr'>cantilenae</span> <span class='ocrx_word' id='word_1_97' title='bbox 691 2459 819 2545; x_wconf 84' lang='lat' dir='ltr'>modus,</span> <span class='ocrx_word' id='word_1_98' title='bbox 843 2460 977 2523; x_wconf 89' lang='lat' dir='ltr'>usitatus</span> <span class='ocrx_word' id='word_1_99' title='bbox 999 2460 1030 2524; x_wconf 92' lang='lat' dir='ltr'>in</span> <span class='ocrx_word' id='word_1_100' title='bbox 1055 2456 1259 2525; x_wconf 82' lang='lat' dir='ltr'>celebratione</span> <span class='ocrx_word' id='word_1_101' title='bbox 1281 2460 1431 2543; x_wconf 82' lang='lat' dir='ltr'>equestris</span> <span class='ocrx_word' id='word_1_102' title='bbox 1454 2457 1514 2522; x_wconf 76' lang='lat' dir='ltr'>vic</span> 
     </span>
     <span class='ocr_line' id='line_1_16' title="bbox 499 2574 1511 2661; baseline 0.001 -23"><span class='ocrx_word' id='word_1_103' title='bbox 499 2575 605 2639; x_wconf 82' lang='lat' dir='ltr'>toriae.</span> <span class='ocrx_word' id='word_1_104' title='bbox 652 2574 702 2639; x_wconf 86' lang='lat' dir='ltr'>Sic</span> <span class='ocrx_word' id='word_1_105' title='bbox 733 2585 918 2641; x_wconf 87' lang='lat' dir='ltr'>memoratur</span> <span class='ocrx_word' id='word_1_106' title='bbox 945 2577 980 2641; x_wconf 79' lang='grc' dir='ltr'>τὸ</span> <span class='ocrx_word' id='word_1_107' title='bbox 1001 2577 1164 2657; x_wconf 68' lang='grc' dir='ltr'>κιστόρειον</span> <span class='ocrx_word' id='word_1_108' title='bbox 1186 2578 1276 2652; x_wconf 61' lang='grc' dir='ltr'><strong><em>μέλος</em></strong></span> <span class='ocrx_word' id='word_1_109' title='bbox 1299 2576 1354 2661; x_wconf 76' lang='lat' dir='ltr'>Py.</span> <span class='ocrx_word' id='word_1_110' title='bbox 1378 2576 1413 2640; x_wconf 85' lang='lat' dir='ltr'>Il</span> <span class='ocrx_word' id='word_1_111' title='bbox 1440 2579 1511 2641; x_wconf 72' lang='lat'>127.</span> 
     </span>
     <span class='ocr_line' id='line_1_17' title="bbox 500 2693 1512 2778; baseline 0.001 -22"><span class='ocrx_word' id='word_1_112' title='bbox 500 2694 594 2778; x_wconf 88' lang='lat' dir='ltr'>Apud</span> <span class='ocrx_word' id='word_1_113' title='bbox 616 2693 810 2759; x_wconf 84' lang='lat' dir='ltr'>Herodotum</span> <span class='ocrx_word' id='word_1_114' title='bbox 830 2696 926 2759; x_wconf 84' lang='lat' dir='ltr'>Arion</span> <span class='ocrx_word' id='word_1_115' title='bbox 944 2703 1087 2759; x_wconf 88' lang='lat' dir='ltr'>narratur</span> <span class='ocrx_word' id='word_1_116' title='bbox 1102 2696 1247 2759; x_wconf 76' lang='lat' dir='ltr'>cecinisse</span> <span class='ocrx_word' id='word_1_117' title='bbox 1258 2696 1342 2772; x_wconf 81' lang='grc' dir='ltr'><strong><em>νόμον</em></strong></span> <span class='ocrx_word' id='word_1_118' title='bbox 1351 2695 1401 2759; x_wconf 74' lang='grc' dir='ltr'>τὸν</span> <span class='ocrx_word' id='word_1_119' title='bbox 1413 2695 1512 2773; x_wconf 73' lang='grc' dir='ltr'>ὄρθιον,</span> 
     </span>
     <span class='ocr_line' id='line_1_18' title="bbox 498 2812 1513 2887; baseline 0 -12"><span class='ocrx_word' id='word_1_120' title='bbox 498 2812 535 2875; x_wconf 88' lang='lat' dir='ltr'>L.</span> <span class='ocrx_word' id='word_1_121' title='bbox 559 2812 576 2875; x_wconf 91' lang='lat' dir='ltr'>I</span> <span class='ocrx_word' id='word_1_122' title='bbox 600 2815 653 2876; x_wconf 78' lang='lat'>24.</span> <span class='ocrx_word' id='word_1_123' title='bbox 699 2814 815 2887; x_wconf 63' lang='grc' dir='ltr'>Νόμιυς</span> <span class='ocrx_word' id='word_1_124' title='bbox 839 2814 931 2878; x_wconf 85' lang='lat' dir='ltr'>etiam</span> <span class='ocrx_word' id='word_1_125' title='bbox 955 2821 1126 2877; x_wconf 85' lang='lat' dir='ltr'>memorant</span> <span class='ocrx_word' id='word_1_126' title='bbox 1148 2812 1261 2876; x_wconf 85' lang='lat' dir='ltr'>Pollux</span> <span class='ocrx_word' id='word_1_127' title='bbox 1283 2813 1320 2877; x_wconf 81' lang='lat' dir='ltr'>L.</span> <span class='ocrx_word' id='word_1_128' title='bbox 1345 2812 1392 2877; x_wconf 85' lang='lat' dir='ltr'>IV</span> <span class='ocrx_word' id='word_1_129' title='bbox 1412 2812 1448 2875; x_wconf 87' lang='lat' dir='ltr'>C.</span> <span class='ocrx_word' id='word_1_130' title='bbox 1465 2812 1513 2875; x_wconf 88' lang='lat' dir='ltr'>IX</span> 
     </span>
     <span class='ocr_line' id='line_1_19' title="bbox 500 2929 1513 3013; baseline 0.001 -22"><span class='ocrx_word' id='word_1_131' title='bbox 500 2933 560 3013; x_wconf 79' lang='lat'>65,</span> <span class='ocrx_word' id='word_1_132' title='bbox 587 2932 647 3008; x_wconf 86' lang='grc'>66,</span> <span class='ocrx_word' id='word_1_133' title='bbox 672 2930 707 2993; x_wconf 86' lang='lat' dir='ltr'>C.</span> <span class='ocrx_word' id='word_1_134' title='bbox 732 2930 762 2993; x_wconf 85' lang='lat' dir='ltr'>X</span> <span class='ocrx_word' id='word_1_135' title='bbox 788 2932 844 3009; x_wconf 78' lang='lat'>78,</span> <span class='ocrx_word' id='word_1_136' title='bbox 866 2934 922 2997; x_wconf 78' lang='lat'>79:</span> <span class='ocrx_word' id='word_1_137' title='bbox 948 2941 979 2994; x_wconf 87' lang='lat' dir='ltr'>ct</span> <span class='ocrx_word' id='word_1_138' title='bbox 996 2930 1175 2995; x_wconf 87' lang='lat' dir='ltr'>Athenaeus</span> <span class='ocrx_word' id='word_1_139' title='bbox 1192 2930 1229 2994; x_wconf 84' lang='lat' dir='ltr'>L.</span> <span class='ocrx_word' id='word_1_140' title='bbox 1249 2929 1333 2993; x_wconf 85' lang='lat' dir='ltr'>XIII</span> <span class='ocrx_word' id='word_1_141' title='bbox 1350 2929 1385 2993; x_wconf 84' lang='lat' dir='ltr'>C.</span> <span class='ocrx_word' id='word_1_142' title='bbox 1404 2929 1513 2993; x_wconf 86' lang='lat' dir='ltr'>XXVI</span> 
     </span>
     <span class='ocr_line' id='line_1_20' title="bbox 500 3048 672 3132; baseline 0 -21"><span class='ocrx_word' id='word_1_143' title='bbox 500 3072 528 3132; x_wconf 92' lang='lat' dir='ltr'>p.</span> <span class='ocrx_word' id='word_1_144' title='bbox 554 3051 617 3113; x_wconf 78' lang='lat'>570</span> <span class='ocrx_word' id='word_1_145' title='bbox 642 3048 672 3113; x_wconf 93' lang='lat' dir='ltr'>b.</span> 
     </span>
    </p>

    <p class='ocr_par' dir='ltr' id='par_1_7' title="bbox 494 3167 1514 4196">
     <span class='ocr_line' id='line_1_21' title="bbox 548 3167 1514 3251; baseline 0.001 -23"><span class='ocrx_word' id='word_1_146' title='bbox 548 3168 619 3229; x_wconf 81' lang='lat'><strong>164.</strong></span> <span class='ocrx_word' id='word_1_147' title='bbox 655 3167 785 3241; x_wconf 75' lang='grc' dir='ltr'>Αἰοληΐδι</span> <span class='ocrx_word' id='word_1_148' title='bbox 808 3176 923 3251; x_wconf 74' lang='grc' dir='ltr'>μολπᾷ.</span> <span class='ocrx_word' id='word_1_149' title='bbox 960 3168 1143 3232; x_wconf 82' lang='lat' dir='ltr'>Memoravit</span> <span class='ocrx_word' id='word_1_150' title='bbox 1166 3167 1261 3231; x_wconf 84' lang='lat' dir='ltr'>Poeta</span> <span class='ocrx_word' id='word_1_151' title='bbox 1284 3189 1319 3228; x_wconf 86' lang='lat' dir='ltr'>vs</span> <span class='ocrx_word' id='word_1_152' title='bbox 1336 3170 1378 3230; x_wconf 77' lang='grc'>26</span> <span class='ocrx_word' id='word_1_153' title='bbox 1400 3167 1514 3245; x_wconf 62' lang='grc' dir='ltr'><strong><em>Δωρίαν</em></strong></span> 
     </span>
     <span class='ocr_line' id='line_1_22' title="bbox 497 3283 1511 3368; baseline 0 -22"><span class='ocrx_word' id='word_1_154' title='bbox 497 3283 668 3363; x_wconf 70' lang='grc' dir='ltr'>φόρμιγγι.</span> <span class='ocrx_word' id='word_1_155' title='bbox 714 3283 907 3361; x_wconf 71' lang='lat' dir='ltr'>BocchhiuS,</span> <span class='ocrx_word' id='word_1_156' title='bbox 931 3284 971 3349; x_wconf 87' lang='lat' dir='ltr'>de</span> <span class='ocrx_word' id='word_1_157' title='bbox 994 3293 1081 3349; x_wconf 91' lang='lat' dir='ltr'>metr.</span> <span class='ocrx_word' id='word_1_158' title='bbox 1105 3284 1195 3348; x_wconf 87' lang='lat' dir='ltr'>Piud.</span> <span class='ocrx_word' id='word_1_159' title='bbox 1220 3307 1261 3368; x_wconf 88' lang='lat' dir='ltr'>pp</span> <span class='ocrx_word' id='word_1_160' title='bbox 1286 3287 1351 3346; x_wconf 79' lang='lat'>256</span> <span class='ocrx_word' id='word_1_161' title='bbox 1374 3294 1406 3347; x_wconf 86' lang='lat' dir='ltr'>ct</span> <span class='ocrx_word' id='word_1_162' title='bbox 1429 3287 1511 3361; x_wconf 75' lang='lat'><strong>276,</strong></span> 
     </span>
     <span class='ocr_line' id='line_1_23' title="bbox 498 3402 1513 3486; baseline 0 -21"><span class='ocrx_word' id='word_1_163' title='bbox 498 3403 619 3486; x_wconf 85' lang='lat' dir='ltr'>copiose</span> <span class='ocrx_word' id='word_1_164' title='bbox 655 3402 811 3486; x_wconf 84' lang='lat' dir='ltr'>disputat,</span> <span class='ocrx_word' id='word_1_165' title='bbox 849 3414 881 3466; x_wconf 89' lang='lat' dir='ltr'>ut</span> <span class='ocrx_word' id='word_1_166' title='bbox 917 3405 1054 3481; x_wconf 85' lang='lat' dir='ltr'>evincat,</span> <span class='ocrx_word' id='word_1_167' title='bbox 1089 3404 1154 3466; x_wconf 84' lang='lat' dir='ltr'>lieri</span> <span class='ocrx_word' id='word_1_168' title='bbox 1188 3424 1252 3466; x_wconf 89' lang='lat' dir='ltr'>non</span> <span class='ocrx_word' id='word_1_169' title='bbox 1287 3404 1441 3486; x_wconf 82' lang='lat' dir='ltr'>potuisse,</span> <span class='ocrx_word' id='word_1_170' title='bbox 1477 3413 1513 3465; x_wconf 86' lang='lat' dir='ltr'>ut</span> 
     </span>
     <span class='ocr_line' id='line_1_24' title="bbox 499 3518 1512 3604; baseline 0.003 -22"><span class='ocrx_word' id='word_1_171' title='bbox 499 3518 608 3583; x_wconf 89' lang='lat' dir='ltr'>modus</span> <span class='ocrx_word' id='word_1_172' title='bbox 632 3519 759 3583; x_wconf 89' lang='lat' dir='ltr'>Aeolius</span> <span class='ocrx_word' id='word_1_173' title='bbox 784 3519 990 3604; x_wconf 78' lang='lat' dir='ltr'>appellaretur</span> <span class='ocrx_word' id='word_1_174' title='bbox 1010 3522 1134 3585; x_wconf 84' lang='lat' dir='ltr'>Durius.</span> <span class='ocrx_word' id='word_1_175' title='bbox 1170 3519 1341 3583; x_wconf 86' lang='lat' dir='ltr'>Ostenderc</span> <span class='ocrx_word' id='word_1_176' title='bbox 1356 3520 1416 3584; x_wconf 87' lang='lat' dir='ltr'>sibi</span> <span class='ocrx_word' id='word_1_177' title='bbox 1432 3521 1512 3585; x_wconf 86' lang='lat' dir='ltr'>vide·</span> 
     </span>
     <span class='ocr_line' id='line_1_25' title="bbox 498 3636 1511 3715; baseline 0.003 -16"><span class='ocrx_word' id='word_1_178' title='bbox 498 3648 566 3713; x_wconf 81' lang='lat' dir='ltr'>tur,</span> <span class='ocrx_word' id='word_1_179' title='bbox 598 3636 726 3701; x_wconf 83' lang='lat' dir='ltr'>Dorium</span> <span class='ocrx_word' id='word_1_180' title='bbox 750 3638 885 3701; x_wconf 88' lang='lat' dir='ltr'>citharae</span> <span class='ocrx_word' id='word_1_181' title='bbox 908 3638 1117 3715; x_wconf 79' lang='lat' dir='ltr'>harmoniam,</span> <span class='ocrx_word' id='word_1_182' title='bbox 1148 3637 1187 3702; x_wconf 92' lang='lat' dir='ltr'>ab</span> <span class='ocrx_word' id='word_1_183' title='bbox 1211 3637 1320 3701; x_wconf 87' lang='lat' dir='ltr'>Aeolia</span> <span class='ocrx_word' id='word_1_184' title='bbox 1342 3637 1511 3715; x_wconf 82' lang='lat' dir='ltr'>diversam,</span> 
     </span>
     <span class='ocr_line' id='line_1_26' title="bbox 494 3755 1513 3839; baseline -0.001 -20"><span class='ocrx_word' id='word_1_185' title='bbox 494 3756 636 3839; x_wconf 87' lang='lat' dir='ltr'>junctam</span> <span class='ocrx_word' id='word_1_186' title='bbox 660 3756 754 3819; x_wconf 87' lang='lat' dir='ltr'>fuisse</span> <span class='ocrx_word' id='word_1_187' title='bbox 778 3756 931 3820; x_wconf 91' lang='lat' dir='ltr'>cantionis</span> <span class='ocrx_word' id='word_1_188' title='bbox 951 3756 1128 3820; x_wconf 87' lang='lat' dir='ltr'>harmoniae</span> <span class='ocrx_word' id='word_1_189' title='bbox 1145 3755 1289 3829; x_wconf 82' lang='lat' dir='ltr'>Aeoliae,</span> <span class='ocrx_word' id='word_1_190' title='bbox 1313 3777 1333 3819; x_wconf 89' lang='lat' dir='ltr'>a</span> <span class='ocrx_word' id='word_1_191' title='bbox 1356 3756 1453 3820; x_wconf 88' lang='lat' dir='ltr'>Doria</span> <span class='ocrx_word' id='word_1_192' title='bbox 1469 3755 1513 3820; x_wconf 92' lang='lat' dir='ltr'>di·</span> 
     </span>
     <span class='ocr_line' id='line_1_27' title="bbox 499 3873 1513 3959; baseline 0.001 -25"><span class='ocrx_word' id='word_1_193' title='bbox 499 3895 615 3937; x_wconf 82' lang='lat' dir='ltr'>versae:</span> <span class='ocrx_word' id='word_1_194' title='bbox 637 3880 673 3936; x_wconf 90' lang='lat' dir='ltr'>ut</span> <span class='ocrx_word' id='word_1_195' title='bbox 693 3873 763 3937; x_wconf 85' lang='lat' dir='ltr'>iude</span> <span class='ocrx_word' id='word_1_196' title='bbox 780 3874 877 3937; x_wconf 79' lang='lat' dir='ltr'>mixta</span> <span class='ocrx_word' id='word_1_197' title='bbox 892 3874 1044 3958; x_wconf 86' lang='lat' dir='ltr'>quaedam</span> <span class='ocrx_word' id='word_1_198' title='bbox 1060 3873 1243 3959; x_wconf 87' lang='lat' dir='ltr'>symphonia</span> <span class='ocrx_word' id='word_1_199' title='bbox 1258 3873 1419 3936; x_wconf 81' lang='lat' dir='ltr'>exstiterit.</span> <span class='ocrx_word' id='word_1_200' title='bbox 1445 3874 1513 3936; x_wconf 87' lang='lat' dir='ltr'>Dis·</span> 
     </span>
     <span class='ocr_line' id='line_1_28' title="bbox 499 3992 1511 4074; baseline -0.001 -21"><span class='ocrx_word' id='word_1_201' title='bbox 499 3997 587 4074; x_wconf 86' lang='lat' dir='ltr'>putat</span> <span class='ocrx_word' id='word_1_202' title='bbox 609 4013 658 4068; x_wconf 85' lang='lat' dir='ltr'>ea,</span> <span class='ocrx_word' id='word_1_203' title='bbox 684 3994 781 4057; x_wconf 80' lang='lat' dir='ltr'>fretus</span> <span class='ocrx_word' id='word_1_204' title='bbox 806 3992 863 4056; x_wconf 90' lang='lat' dir='ltr'>hoc</span> <span class='ocrx_word' id='word_1_205' title='bbox 886 3992 1013 4057; x_wconf 90' lang='lat' dir='ltr'>Pindari</span> <span class='ocrx_word' id='word_1_206' title='bbox 1035 3992 1120 4056; x_wconf 90' lang='lat' dir='ltr'>loco:</span> <span class='ocrx_word' id='word_1_207' title='bbox 1144 3998 1212 4055; x_wconf 87' lang='lat' dir='ltr'>tum</span> <span class='ocrx_word' id='word_1_208' title='bbox 1235 4012 1325 4054; x_wconf 83' lang='lat' dir='ltr'>versu</span> <span class='ocrx_word' id='word_1_209' title='bbox 1348 4012 1398 4067; x_wconf 91' lang='lat' dir='ltr'>eo,</span> <span class='ocrx_word' id='word_1_210' title='bbox 1420 4012 1511 4073; x_wconf 88' lang='lat' dir='ltr'>quern</span> 
     </span>
     <span class='ocr_line' id='line_1_29' title="bbox 498 4107 1065 4196; baseline 0.009 -25"><span class='ocrx_word' id='word_1_211' title='bbox 498 4107 670 4173; x_wconf 84' lang='lat' dir='ltr'>Scholiasta</span> <span class='ocrx_word' id='word_1_212' title='bbox 692 4110 780 4175; x_wconf 86' lang='lat' dir='ltr'>affert</span> <span class='ocrx_word' id='word_1_213' title='bbox 802 4111 841 4175; x_wconf 87' lang='lat' dir='ltr'>ad</span> <span class='ocrx_word' id='word_1_214' title='bbox 865 4112 919 4196; x_wconf 82' lang='lat' dir='ltr'>Py.</span> <span class='ocrx_word' id='word_1_215' title='bbox 943 4111 979 4176; x_wconf 95' lang='lat' dir='ltr'>II</span> <span class='ocrx_word' id='word_1_216' title='bbox 1005 4114 1065 4176; x_wconf 78' lang='lat'>127</span> 
     </span>
    </p>

    <p class='ocr_par' dir='ltr' id='par_1_8' title="bbox 498 4226 1512 4547">
     <span class='ocr_line' id='line_1_30' title="bbox 666 4226 1327 4307; baseline -0.005 -14"><span class='ocrx_word' id='word_1_217' title='bbox 666 4229 787 4300; x_wconf 79' lang='grc' dir='ltr'>Αἰολεὺς</span> <span class='ocrx_word' id='word_1_218' title='bbox 810 4230 910 4306; x_wconf 57' lang='lat' dir='ltr'>{fixere</span> <span class='ocrx_word' id='word_1_219' title='bbox 933 4230 1047 4307; x_wconf 66' lang='grc' dir='ltr'>Δωρίαν</span> <span class='ocrx_word' id='word_1_220' title='bbox 1069 4231 1199 4294; x_wconf 73' lang='grc' dir='ltr'>κέλευθον</span> <span class='ocrx_word' id='word_1_221' title='bbox 1223 4226 1327 4306; x_wconf 76' lang='grc' dir='ltr'><em>ὕμνων.</em></span> 
     </span>
     <span class='ocr_line' id='line_1_31' title="bbox 498 4344 1511 4432; baseline 0.002 -26"><span class='ocrx_word' id='word_1_222' title='bbox 498 4344 525 4407; x_wconf 82' lang='lat' dir='ltr'>Il</span> <span class='ocrx_word' id='word_1_223' title='bbox 548 4366 611 4429; x_wconf 92' lang='lat' dir='ltr'>quo</span> <span class='ocrx_word' id='word_1_224' title='bbox 634 4344 759 4430; x_wconf 85' lang='lat' dir='ltr'>quidem</span> <span class='ocrx_word' id='word_1_225' title='bbox 783 4369 889 4425; x_wconf 86' lang='lat' dir='ltr'>versu,</span> <span class='ocrx_word' id='word_1_226' title='bbox 920 4349 965 4411; x_wconf 89' lang='lat' dir='ltr'>sic</span> <span class='ocrx_word' id='word_1_227' title='bbox 988 4348 1072 4411; x_wconf 87' lang='lat' dir='ltr'>nude</span> <span class='ocrx_word' id='word_1_228' title='bbox 1095 4348 1214 4432; x_wconf 89' lang='lat' dir='ltr'>posito,</span> <span class='ocrx_word' id='word_1_229' title='bbox 1238 4369 1301 4411; x_wconf 92' lang='lat' dir='ltr'>non</span> <span class='ocrx_word' id='word_1_230' title='bbox 1324 4345 1412 4409; x_wconf 83' lang='lat' dir='ltr'>video</span> <span class='ocrx_word' id='word_1_231' title='bbox 1436 4344 1511 4430; x_wconf 91' lang='lat' dir='ltr'>quid</span> 
     </span>
     <span class='ocr_line' id='line_1_32' title="bbox 499 4461 1512 4547; baseline 0.002 -23"><span class='ocrx_word' id='word_1_232' title='bbox 499 4462 595 4547; x_wconf 86' lang='lat' dir='ltr'>possit</span> <span class='ocrx_word' id='word_1_233' title='bbox 627 4461 713 4526; x_wconf 84' lang='lat' dir='ltr'>ellici.</span> <span class='ocrx_word' id='word_1_234' title='bbox 759 4462 897 4529; x_wconf 84' lang='lat' dir='ltr'>&#39;landem</span> <span class='ocrx_word' id='word_1_235' title='bbox 928 4466 996 4529; x_wconf 93' lang='lat' dir='ltr'>loco</span> <span class='ocrx_word' id='word_1_236' title='bbox 1028 4464 1179 4529; x_wconf 75' lang='lat' dir='ltr'>Athenaei</span> <span class='ocrx_word' id='word_1_237' title='bbox 1205 4464 1242 4527; x_wconf 82' lang='lat' dir='ltr'>L.</span> <span class='ocrx_word' id='word_1_238' title='bbox 1267 4462 1346 4527; x_wconf 84' lang='lat' dir='ltr'>XIV</span> <span class='ocrx_word' id='word_1_239' title='bbox 1369 4461 1405 4526; x_wconf 88' lang='lat' dir='ltr'>C.</span> <span class='ocrx_word' id='word_1_240' title='bbox 1428 4462 1512 4526; x_wconf 77' lang='lat' dir='ltr'>vm</span> 
     </span>
    </p>
   </div>
   <div class='ocr_carea' id='block_1_5' title="bbox 0 0 1868 5542">
    <p class='ocr_par' dir='ltr' id='par_1_9' title="bbox 0 0 1868 5542">
     <span class='ocr_line' id='line_1_33' title="bbox 0 0 1868 5542; baseline 0 1"><span class='ocrx_word' id='word_1_241' title='bbox 0 0 1868 5542; x_wconf 95' lang='lat' dir='ltr'> </span> 
     </span>
    </p>
   </div>
  </div>
 </body>
</html>
