3725 5542
965 726 1032 788 290

490 926 625 992 Fratrem
647 926 749 991 Thero
773 927 883 993 habuit
898 927 1116 1005 Xenocratem,
1135 928 1190 1013 qni
1208 936 1395 993 memoratur
1410 927 1505 1012 hujus

489 1046 632 1109 carminis
655 1068 688 1107 vs
714 1048 769 1121 89,
794 1054 825 1109 et
845 1046 876 1109 in
893 1047 959 1131 ejus
975 1045 1122 1135 horrorem
1138 1046 1253 1131 scripta
1267 1054 1341 1111 sunt
1355 1045 1505 1130 Pythium

489 1163 534 1226 V]
567 1174 597 1225 et
620 1163 785 1227 Isthmium
813 1164 857 1229 H.
904 1164 1000 1229 Gravi
1022 1187 1124 1229 errore
1146 1166 1179 1229 in
1202 1166 1327 1229 scholiis
1350 1164 1504 1230 veteribus

489 1280 527 1343 sd
552 1303 585 1343 vs
610 1283 649 1343 82
675 1292 705 1345 et
729 1281 767 1346 ad
792 1280 843 1345 Ol.
869 1282 921 1346 ΙΠ
944 1285 985 1348 67
1006 1283 1100 1347 frater
1113 1282 1264 1347 Theronis
1280 1281 1395 1347 dicitnr
1410 1283 1503 1345 luisse

488 1397 592 1462 Hiero.
887 1408 893 1419 “

532 1516 569 1580 In
594 1517 711 1582 scholio
735 1528 836 1582 vetere
860 1518 898 1581 ad
923 1542 956 1581 vs
983 1521 1024 1581 16
1047 1541 1123 1603 gens
1145 1517 1296 1583 Theronis
1319 1517 1449 1582 refertur
1464 1516 1503 1580 ad

488 1632 659 1711 Eteoclem,
693 1635 853 1699 manifesto
884 1658 996 1700 errore.
1042 1634 1122 1701 Tota
1147 1635 1299 1720 quaedam
1322 1637 1354 1699 in
1377 1634 1504 1699 scholiis

487 1752 613 1817 historie
644 1776 714 1817 cum
737 1754 795 1817 hoc
822 1776 923 1817 errore
946 1754 1090 1838 copulata
1113 1762 1177 1832 est,
1201 1763 1232 1817 et
1255 1754 1403 1817 dicuntur
1424 1751 1503 1816 The·

485 1871 569 1933 ronis
600 1872 728 1956 majores
759 1894 795 1935 ex
824 1870 935 1936 Rhodo
965 1874 997 1936 in
1027 1872 1162 1937 Siciliam
1194 1873 1312 1937 venisse
1338 1879 1371 1935 et
1392 1870 1502 1934 Gelam

486 1988 680 2067 condidisse,
712 1998 819 2075 postea
843 2013 913 2055 vero
942 1992 1155 2075 Agrigentum.
1201 1990 1318 2055 Verum
1341 2012 1378 2054 ea
1399 1990 1503 2053 omnia

486 2107 650 2192 rejicienda
673 2116 755 2171 sunt.
793 2106 902 2193 Neque
925 2109 1008 2173 enim
1031 2108 1184 2173 Pindarus
1204 2132 1238 2171 vs
1256 2111 1296 2173 77
1314 2132 1331 2171 e
1346 2106 1502 2192 Polynicis

486 2226 615 2309 posteris
645 2224 816 2289 Theronem
841 2226 971 2303 dixerit,
999 2228 1026 2290 si
1049 2250 1087 2291 er
1110 2226 1245 2291 Eteoelis
1269 2227 1399 2311 posteris
1421 2226 1500 2289 init:

485 2364 540 2405 nec
562 2341 755 2407 Thersander
778 2344 859 2407 filius
884 2344 1038 2429 Polynicis
1061 2344 1143 2408 idem
1166 2346 1259 2409 hrisse
1283 2344 1439 2429 putandus
1454 2350 1503 2406 est

484 2460 538 2543 qui
562 2458 733 2544 Polydorus
756 2460 838 2524 lilius
862 2461 1013 2525 Eteoclis:
1038 2484 1112 2540 nec,
1139 2463 1165 2525 si
1181 2461 1257 2545 quid
1273 2461 1312 2525 de
1327 2460 1500 2537 Haemone,

484 2576 548 2639 filio
581 2575 743 2661 Polydori,
779 2586 811 2641 et
840 2579 879 2643 de
910 2580 977 2664 ejus
1008 2581 1137 2664 posteris
1168 2579 1318 2655 traditur,
1347 2577 1379 2643 id
1409 2600 1502 2642 omne

484 2696 631 2758 continno
667 2694 852 2761 Therssudri
887 2700 1019 2782 posteris
1054 2698 1201 2763 accidisse
1235 2696 1410 2783 putandum
1443 2704 1499 2759 est.

483 2812 591 2875 Tradit
613 2822 767 2897 praeterea
791 2814 984 2895 Herodotus,
1017 2816 1144 2881 Gelonis
1167 2818 1297 2901 majores
1322 2814 1501 2879 interfuisse

484 2931 536 3007 iis,
561 2932 614 3015 qui
639 2954 676 2995 ex
691 2930 802 2995 Rhodo
818 2934 947 3017 profecti
965 2934 1075 2999 Gelam
1091 2934 1312 3000 condiderunt:
1336 2932 1402 2997 VII
1421 2934 1499 2996 153:

483 3068 583 3129 neque
606 3047 671 3111 ulla
694 3049 859 3132 probabilis
883 3053 1019 3136 suspicio
1042 3060 1106 3130 est,
1132 3051 1261 3117 Gelonis
1289 3053 1418 3137 majores
1438 3071 1502 3114 eos

483 3163 552 3228 dem
577 3165 669 3229 luisse
693 3188 728 3231 ac
750 3168 881 3251 majores
904 3168 1065 3234 Theronis.

527 3282 574 3345 De
608 3282 794 3349 Thersandri
828 3286 954 3370 quidem
988 3287 1157 3373 majoribus
1190 3293 1330 3364 constet,
1368 3306 1501 3369 quorum

482 3406 529 3463 est
564 3398 638 3463 hoec
669 3402 777 3465 series:
812 3402 967 3480 Cadmus,
1003 3403 1191 3488 Polydorus,
1230 3403 1410 3481 Labdacus,
1445 3401 1503 3465 La·

480 3520 547 3602 jus,
583 3517 737 3604 Oedipus,
772 3518 944 3606 Polynices.
988 3524 1093 3606 Atque
1123 3522 1217 3609 hujus
1247 3521 1331 3585 filius
1352 3520 1502 3585 Thersan-

483 3635 538 3700 der
563 3636 632 3700 luit

529 3752 715 3820 Therssndri
738 3778 875 3841 propago
897 3757 1069 3823 secundum
1092 3758 1291 3835 scholiastae,
1322 3776 1501 3841 quanquam

484 3892 547 3935 nou
576 3870 688 3937 diserte
723 3874 803 3939 inter
834 3898 866 3939 se
899 3877 1134 3953 convenientes,
1169 3882 1271 3939 temen
1303 3871 1503 3958 probabiliter

484 3988 542 4051 hoe
573 3988 664 4053 modo
695 3992 910 4075 perscribenda
933 3992 1073 4058 videtur:
1109 3992 1309 4069 Tisamenus,
1330 3990 1501 4066 Autesion‚

483 4104 617 4184 Therss,
650 4106 777 4187 Samus,
809 4110 1029 4188 Telemachus,
1065 4111 1121 4195 qni
1150 4111 1268 4196 primus
1298 4109 1332 4173 in
1365 4107 1502 4171 Siciliam

484 4224 602 4288 venisse
625 4224 738 4290 dicitur
761 4250 798 4291 cx
817 4227 931 4307 Thero,
955 4228 1010 4293 ubi
1034 4228 1126 4292 frater
1152 4230 1219 4314 ejus
1241 4226 1363 4311 Clytius
1386 4246 1503 4289 reman-

485 4342 572 4405 serit:
590 4350 657 4407 tum
670 4342 889 4430 Chalciopeue,
908 4345 1119 4423 Emmenides,
1137 4344 1374 4421 herresidemns,
1389 4341 1500 4406 Thero.

485 4456 706 4525 Vide'scholia
728 4461 767 4525 ad
793 4462 843 4527 Ol.
867 4462 902 4527 Π
927 4464 987 4541 82,
1010 4462 1062 4527 III
1086 4466 1145 4540 67,
1171 4466 1231 4545 68,
1253 4461 1298 4547 Py
1321 4460 1369 4524 VI
1392 4464 1429 4533 4,
1446 4457 1500 4523 ubi
