3725 5542
1028 714 1091 776 532

596 915 627 978 9.
661 915 781 992 ταμίαι.
815 910 904 992 Quae
931 912 1122 977 distribuunt
1144 912 1192 977 rel
1214 914 1319 997 potius
1341 913 1468 979 donant.
1514 916 1564 981 Of.

550 1029 601 1095 Ol.
624 1029 703 1095 XIV
728 1033 780 1095 14.
1110 1034 1118 1047 '

597 1151 648 1211 12.
683 1149 814 1211 ἐθέλοντι.
847 1146 886 1209 In
917 1145 1043 1211 scholiis
1073 1145 1204 1210 refertur
1232 1146 1281 1209 vel
1303 1147 1342 1210 ad
1365 1146 1563 1225 Corinthios,

550 1264 597 1328 rel
619 1264 660 1327 ad
682 1263 800 1327 Horas:
825 1270 857 1327 et
878 1264 922 1325 sic
947 1284 1071 1347 quoque
1087 1273 1134 1327 ast
1149 1263 1182 1326 in
1197 1263 1235 1327 iis
1252 1264 1416 1348 explicatio
1431 1263 1562 1349 duplen

549 1381 597 1445 sel
628 1381 708 1445 Deas
738 1380 771 1443 id
801 1380 963 1444 effecturas
994 1402 1076 1443 esse:
1110 1379 1158 1443 sel
1189 1378 1358 1444 Pindarum
1386 1382 1504 1464 precari
1528 1394 1566 1444 ut

548 1498 690 1581 afficiant.
724 1496 840 1561 Verum
870 1504 918 1560 ast
946 1498 1089 1561 uxriversa
1111 1496 1257 1561 laudatio.
1305 1498 1396 1561 Dixit
1418 1498 1564 1582 quidem,

546 1614 648 1678 Horas
678 1612 816 1677 habitare
847 1612 1006 1677 Corinthi:
1040 1634 1112 1697 ergo
1142 1612 1234 1677 rebus
1264 1614 1320 1692 iis,
1353 1636 1430 1698 quas
1460 1614 1566 1679 Horae

546 1729 679 1806 donant,
712 1751 774 1793 non
804 1729 1018 1793 destituuntur
1048 1726 1202 1791 Corinthii
1232 1729 1285 1793 sed
1317 1729 1365 1793 vel
1396 1732 1563 1815 inprimis

545 1847 691 1931 gaudent
726 1845 841 1911 Verum
861 1848 927 1930 jam
949 1846 1092 1909 universa
1115 1847 1269 1910 sententia
1292 1845 1392 1911 diotae
1410 1856 1486 1911 suut
1500 1870 1567 1912 non

545 1963 650 2042 βόθρον
672 1964 815 2042 Κορίνθου,
838 1962 893 2026 aed
910 1964 1035 2045 πολίων,
1052 1983 1114 2027 uon
1130 1964 1239 2039 ταμίαι
1255 1964 1400 2043 Κορινθίας
1416 1966 1566 2041 πλούσιοι,

545 2079 599 2143 sed
627 2078 757 2157 aaran.
803 2079 854 2143 Ita
884 2079 1000 2163 pergit,
1031 2100 1082 2141 eas
1116 2078 1195 2142 Deas
1220 2079 1313 2156 velle,
1340 2078 1442 2143 idest
1464 2080 1566 2145 solere

545 2218 646 2261 arcere
677 2196 863 2281 superbiam.
910 2194 991 2258 Nam
1024 2194 1128 2260 ἐθέλειν
1158 2197 1273 2280 pariter
1303 2218 1338 2259 ao
1368 2204 1468 2278 φιλεῖν
1495 2219 1564 2261 eam

545 2335 636 2398 saepe
667 2312 921 2397 significationem
952 2311 1063 2376 babet:
1095 2311 1210 2376 Herod.
1236 2310 1301 2375 VII
1333 2314 1436 2377 total
1463 2316 1567 2393 πείρης

545 2428 649 2492 πάντα
671 2428 837 2507 inoperose
859 2428 956 2507 Φιλέει
978 2428 1127 2503 staretur:
1150 2427 1216 2491 VII
1243 2430 1303 2493 lb'l
1327 2432 1369 2507 τῷ
1391 2425 1424 2493 εὖ
1437 2429 1567 2505 ficum

545 2545 620 2609 θίνιι
642 2546 799 2624 πρήγμασι
820 2547 945 2617 remla
968 2546 1084 2623 χριισσίι
1106 2543 1195 2609 ἐθέλει
1219 2546 1407 2623 ἐπιγίνεσθαι.

593 2663 644 2725 11.
676 2660 782 2740 Ὕβριν
815 2659 902 2740 Κίρον
936 2661 1063 2739 μασίρα.
1098 2658 1253 2744 Theognis
1291 2662 1353 2723 155
1390 2664 1483 2726 τιίισει
1521 2688 1566 2729 σοι

545 2777 623 2856 ιιθρος
653 2774 752 2856 ι’ίβρινι
784 2798 877 2859 quem
907 2798 1026 2839 versum
1051 2776 1217 2840 scholiasta
1240 2784 1326 2840 vetus
1349 2776 1486 2841 Homero
1512 2782 1569 2843 tri-

546 2891 626 2956 buit.
672 2890 839 2956 Oraeulum
879 2891 1003 2956 Bacidis
1039 2892 1080 2956 de
1117 2893 1244 2957 victoria
1277 2892 1442 2958 Salaminia
1476 2898 1567 2981 apud

545 3008 738 3074 Herodotum
761 3008 844 3072 VIII
869 3012 931 3073 151

655 3126 705 3190 δῖα
727 3102 802 3199 Abos
825 3124 946 3201 σβέσσει
968 3126 1103 3203 κρατερὸν
1125 3124 1209 3205 Κόραν
1229 3125 1347 3204 Ὕβριος
1370 3127 1437 3191 υίθν.

544 3241 661 3307 Verum
675 3264 732 3306 neo
747 3242 849 3327 ampla
864 3264 937 3305 saue
953 3264 1009 3306 nee
1024 3240 1115 3306 (locta
1130 3240 1340 3326 disputatione
1355 3264 1432 3327 opus
1444 3252 1511 3321 ast,
1526 3256 1564 3309 nt

543 3359 768 3443 intelligamus,
780 3359 912 3422 vicissim
924 3358 1052 3422 Pindari
1063 3360 1245 3422 senteutiam
1259 3380 1355 3443 aeque
1367 3380 1469 3425 veram
1481 3382 1564 3426 mse.

592 3479 643 3540 14.
678 3476 750 3555 ἔχιν.
784 3474 946 3539 Laudibus
970 3474 1125 3538 Horarum
1148 3475 1312 3559 expositis,
1336 3474 1437 3540 denuo
1457 3484 1489 3539 et
1505 3478 1567 3542 lm·

544 3595 669 3679 pensius
701 3600 733 3657 et
754 3593 910 3677 copiosius
932 3590 1076 3656 Corinthi
1098 3591 1245 3677 gloriam,
1269 3614 1361 3677 quam
1383 3592 1565 3677 praedicare

544 3712 740 3786 instituerat,
771 3709 999 3786 celebraturus,
1033 3709 1162 3773 insitum
1192 3708 1252 3773 sibi
1283 3731 1373 3773 suum
1405 3730 1462 3773 nec
1491 3712 1564 3775 ullo

543 3826 636 3892 modo
666 3825 901 3911 opprimendum
931 3824 1071 3889 studium
1102 3824 1257 3910 praeclara
1279 3826 1405 3909 quaeris
1427 3828 1565 3893 canendi

544 3940 611 4024 ipse
640 3938 766 4019 laudat,
790 3937 920 4022 ideoque
943 3960 975 4002 se
998 3938 1037 4001 ad
1060 3936 1270 4002 nobilissimae
1291 3938 1424 4002 civitatis
1447 3938 1566 4004 deeora

544 4052 683 4119 ornanda
703 4054 821 4138 impelli
843 4053 929 4118 dicit.
964 4054 1009 4118 Τὸ
1032 4054 1175 4132 συγγενὲς
1196 4052 1259 4129 ἦθος
1274 4062 1321 4119 est
1336 4052 1479 4131 Pindari,
1495 4077 1564 4121 non

543 4170 791 4248 Corinthiorum,
827 4171 860 4235 id
893 4169 979 4256 quod
1009 4170 1151 4234 nonnulli
1177 4171 1358 4245 uoluerunt,
1389 4170 1565 4254 significari

544 4288 751 4353 existimantes
782 4287 959 4352 Corinthios
987 4294 1098 4351 natura
1125 4310 1181 4351 sua
1211 4287 1250 4350 ad
1276 4286 1430 4371 praeclara
1462 4286 1567 4353 laotos

543 4405 697 4490 peperisse
719 4404 888 4490 praeclara,
917 4425 998 4488 quae
1015 4405 1079 4488 jam
1102 4405 1333 4489 praedicaturus
1355 4406 1406 4468 sit.
