3725 5542
996 759 1061 820 424

518 960 620 1023 denno
647 958 743 1021 Poeta
765 956 972 1020 narrationem
996 953 1034 1019 de
1058 956 1165 1039 primis
1188 957 1264 1041 ipsis
1288 957 1389 1022 Rhodi
1412 959 1536 1042 origini-

519 1075 591 1151 bus,
617 1095 711 1158 quam
732 1073 899 1137 institums
923 1081 971 1135 est
995 1095 1027 1134 vs
1047 1074 1120 1136 100.
1156 1072 1247 1137 Conf.
1264 1095 1343 1158 qnae
1358 1076 1535 1139 monuimus

517 1193 557 1257 ad
580 1214 615 1254 rs
638 1193 691 1255 36.
737 1187 807 1253 ntis
830 1195 935 1253 autem
958 1189 1012 1252 Sol
1034 1191 1149 1266 suasit,
1174 1197 1211 1254 ιιι
1234 1190 1433 1257 observarent
1453 1192 1536 1257 futu·

517 1332 588 1374 rum
618 1307 769 1383 officium,
801 1306 958 1371 Minervae
987 1306 1222 1391 praestandum:
1257 1317 1303 1372 est
1333 1309 1415 1374 enim
1447 1312 1532 1390 χρέος

518 1426 677 1502 debitum,
701 1423 788 1487 velut
810 1421 861 1486 01.
884 1421 938 1485 ΠΙ
964 1423 1015 1486 12.
1051 1420 1145 1502 Quod
1168 1422 1247 1487 illud
1271 1423 1410 1490 debitum
1426 1425 1533 1502 fuerit,

520 1567 611 1631 porro
634 1541 817 1627 exponitur,
844 1547 878 1603 ιιι
901 1563 955 1603 ara
977 1540 1186 1605 consecranda
1208 1543 1365 1627 sacrisque
1388 1543 1535 1608 faciendis

520 1671 552 1727 et
580 1661 653 1725 Jovi
685 1672 717 1724 et
747 1659 905 1722 Minervae
937 1657 1119 1743 praeberent
1142 1658 1265 1743 gaudia.
1311 1658 1426 1724 Narrat
1449 1671 1535 1724 vetus

518 1779 702 1856 scholiasta,
739 1775 823 1862 apud
857 1774 928 1839 illos
964 1773 1173 1840 habitaturam
1207 1775 1302 1840 fuisse
1333 1777 1448 1853 Deam,
1480 1778 1532 1862 qui

519 1897 609 1982 primi
634 1897 663 1960 ei
687 1916 774 1958 sacra
796 1892 958 1956 fecissent:
982 1891 1135 1956 exstitisse
1159 1902 1262 1958 autem
1285 1893 1324 1958 de
1347 1917 1382 1958 ea
1404 1918 1437 1958 re
1457 1896 1536 1960 inter

522 2011 661 2077 Rhodios
682 2020 715 2074 et
731 2009 936 2074 Athenienses
948 2009 1195 2074 aemulationem.
1219 2008 1389 2096 Quumque
1400 2013 1434 2076 iu
1445 2013 1537 2076 sacris

518 2129 711 2195 Rhodiorum
745 2127 827 2212 ignis
860 2125 1028 2204 defuisset,
1060 2127 1144 2212 apud
1176 2127 1379 2194 Athenienses
1410 2129 1533 2214 quidem

518 2246 589 2311 ideo
622 2245 778 2310 habitasse
808 2243 924 2319 Deam,
958 2265 1064 2308 rerum
1095 2242 1225 2309 Rhodiis
1255 2253 1361 2309 tamen
1391 2246 1534 2310 tribuisse

520 2363 664 2427 honores.
699 2359 817 2424 Eadem
838 2366 960 2436 narrat,
985 2359 1039 2423 sed
1062 2359 1156 2445 paulo
1179 2360 1285 2438 aliter,
1303 2361 1459 2426 Diodorus
1474 2361 1535 2426 Sic.

520 2477 559 2542 L.
590 2476 621 2538 V
651 2477 687 2541 C.
721 2479 774 2539 56.
820 2475 975 2540 Pindarus
1006 2475 1130 2559 quidem
1159 2498 1192 2539 vs
1218 2479 1259 2539 82
1283 2499 1360 2562 seqq
1382 2479 1422 2542 de
1444 2478 1536 2542 sacris

521 2593 712 2658 Rhodiorum
736 2593 782 2656 ita
804 2593 947 2677 exponit,
974 2599 1008 2654 ut
1032 2591 1134 2676 ignem
1157 2615 1211 2676 per
1234 2593 1390 2676 quandam
1411 2593 1535 2659 oblivio·

518 2735 590 2776 nem
613 2710 747 2774 defuisse
769 2709 869 2774 dieat:
893 2731 950 2773 nec
973 2715 1075 2773 tanam
1100 2731 1137 2773 ex
1156 2709 1209 2787 iis,
1226 2732 1306 2794 quae
1321 2733 1413 2796 porro
1432 2719 1536 2776 narrat

519 2827 650 2891 Rhodiis
673 2849 692 2889 a
712 2824 789 2889 Jove
812 2833 844 2887 et
868 2823 1008 2888 Minerva
1031 2824 1216 2909 contigisse,
1241 2827 1386 2912 praemiis
1409 2826 1535 2903 efficias,

515 2943 602 3008 illam
623 2941 810 3006 oblivionem
832 2939 962 3004 Rhodiis
985 2940 1087 3004 baudi
1109 2942 1214 3006 fuisse.

566 3062 618 3124 19.
653 3058 730 3123 ἕνθ’
752 3058 867 3131 ἀρετάν.
903 3055 960 3120 Est
983 3057 1137 3121 sententia
1160 3057 1199 3122 ad
1220 3059 1345 3141 quosvis
1360 3061 1534 3144 pertinens,

519 3186 623 3242 tamen
646 3183 788 3260 respectu
810 3173 1004 3238 Rhodiorum
1027 3174 1138 3258 posita.
1175 3176 1339 3255 Προμαθέος
1363 3199 1477 3242 nomen
1493 3178 1536 3240 ita

521 3296 663 3381 ponitur,
694 3302 731 3358 ut
757 3315 791 3355 rs
820 3294 862 3355 82
897 3291 996 3365 Δθκοι,
1023 3293 1063 3354 19
1092 3290 1197 3371 Χάρις,
1221 3302 1258 3356 ιιι
1280 3293 1378 3356 virtus
1402 3293 1534 3358 divinam

522 3434 684 3498 personam
712 3410 832 3474 induat.
878 3409 969 3474 Hanc
996 3408 1199 3474 Prudentiam
1222 3411 1248 3474 si
1272 3411 1342 3494 quis
1365 3421 1538 3476 revereatur

521 3531 611 3614 eique
634 3528 840 3612 obtemperet,
864 3527 948 3592 hunc
972 3535 1002 3591 et
1025 3527 1126 3592 officio
1149 3527 1238 3612 fungi
1260 3535 1291 3592 et
1314 3527 1437 3594 laudem
1457 3531 1538 3594 inre·

522 3648 589 3711 nire
622 3653 653 3709 et
684 3646 745 3709 frui
774 3644 914 3728 gaudiis:
949 3644 1106 3730 quomodo
1136 3644 1250 3710 Rhodii
1281 3645 1361 3710 Solis
1393 3647 1538 3732 prudenti

522 3763 651 3829 coasilio
674 3762 935 3846 obtemperarunt.
972 3763 1019 3826 De
1039 3763 1216 3828 Promethei
1232 3764 1365 3828 nominis
1381 3786 1441 3829 usu
1456 3764 1536 3828 conf.

524 3881 636 3946 hesoh.
658 3879 762 3944 Prom.
787 3881 829 3942 85

725 3997 923 4076 Ψευθωιύμοις
947 4022 980 4062 σε
1005 3997 1140 4075 δαίμονες
1163 3999 1315 4078 Προμηθέα

726 4122 881 4192 καλοῦσιν,
905 4115 995 4180 αὐτὸν
1018 4113 1078 4194 γάρ
1100 4140 1134 4180 σε
1156 4117 1202 4180 δεῖ
1221 4116 1391 4192 προμηθέως.

527 4232 569 4295 Et
590 4231 687 4317 Supp.
713 4235 777 4297 700

775 4351 939 4429 προμοιθεὺς
961 4351 1155 4426 εὐκοινόμητις
1176 4351 1271 4431 ἀρχά.

576 4471 630 4540 82.
663 4468 712 4533 ἐπὶ
741 4469 813 4547 μὲν.
849 4465 935 4531 Haec
966 4488 1090 4556 quoque
1121 4469 1261 4534 universa
1294 4471 1447 4534 sententia
1477 4479 1541 4538 est:
