3725 5542
1004 719 1068 777 440

527 919 666 981 videtur:
691 927 757 978 tum
781 915 855 998 qnia
877 925 1114 980 consentaneum
1140 925 1199 994 cst,
1219 917 1375 982 victoriam
1391 919 1538 983 celebrari

528 1036 559 1098 in
593 1034 716 1096 victoris
748 1032 863 1115 patria:
894 1041 960 1094 tum
992 1033 1102 1109 etiam,
1127 1035 1200 1118 quia
1223 1043 1254 1097 et
1278 1036 1344 1118 ipsa
1368 1036 1487 1120 Aegina
1509 1047 1542 1100 et

528 1154 636 1216 laudes
666 1153 731 1235 ejus
762 1157 899 1213 vetustae
929 1149 1123 1214 celebrantur
1150 1151 1303 1235 impense:
1336 1161 1367 1218 et
1397 1177 1477 1240 qnae
1503 1154 1543 1218 de

529 1271 621 1333 domo
651 1268 775 1332 victoris
804 1277 835 1330 et
866 1265 950 1329 tribu
982 1268 1013 1329 in
1045 1275 1180 1331 extrema
1210 1279 1295 1353 parte
1326 1271 1469 1336 carminis
1497 1295 1546 1335 ca·

529 1397 666 1462 nontur,
691 1385 781 1447 etiam
805 1384 941 1469 apprime
965 1391 1038 1447 sunt
1061 1385 1127 1467 ejus
1152 1386 1268 1468 patriae
1292 1389 1516 1452 convenientia.

576 1503 684 1567 Fuisse
717 1507 821 1564 autem
855 1521 968 1584 magna
1003 1500 1124 1564 videtur
1161 1501 1366 1567 Alcimedonti
1402 1505 1549 1569 victoriae

532 1621 679 1685 felicitas:
711 1641 782 1682 nam
805 1616 946 1680 solebant
969 1617 1134 1680 luctatores
1158 1626 1240 1682 sorte
1263 1619 1295 1683 in
1320 1621 1405 1704 paria
1427 1620 1544 1699 dividi,

533 1737 724 1822 utquisque
749 1757 845 1798 orrum
869 1735 994 1798 haberet
1018 1735 1239 1813 adversarium,
1264 1758 1398 1819 quocum
1421 1753 1548 1804 conten-

532 1854 635 1918 deret:
669 1852 780 1936 quodsi
811 1874 882 1915 vero
913 1859 1098 1915 certatorum
1130 1875 1277 1916 numerus
1310 1854 1409 1918 inerat
1430 1855 1548 1940 impar,

533 1993 614 2034 unns
635 1969 766 2034 debebat
780 1975 862 2032 sorte
877 1968 943 2031 sine
960 1967 1133 2032 adversario
1148 1969 1300 2053 relinqui:
1317 1969 1367 2034 hic
1384 1971 1550 2036 vocabatur
1672 2024 1673 2050 ,

532 2087 659 2168 ἔφεδρος,
672 2093 703 2148 et
720 2084 931 2170 exspectabat,
948 2083 1045 2148 donec
1059 2084 1249 2170 reliquorum
1269 2087 1434 2150 certamina
1446 2097 1549 2152 essent
1673 2126 1674 2140 ,

534 2204 630 2266 linita.
667 2202 742 2264 Erat
765 2202 862 2284 igitur
885 2201 959 2264 baec
980 2209 1010 2264 et
1022 2201 1254 2266 existimabatur
1265 2203 1387 2288 egregia
1399 2203 1547 2268 felicitas:

535 2341 605 2384 nam
620 2320 663 2382 sic
680 2317 856 2384 recentibus
867 2317 934 2402 ipse
950 2317 1065 2381 viribus
1079 2317 1211 2382 babebat
1221 2319 1316 2382 fessos
1325 2321 1390 2404 jam
1402 2321 1547 2385 certando

536 2436 734 2499 adversarios.
781 2433 870 2497 Conf.
904 2433 936 2497 J.
972 2433 1013 2497 Η.
1049 2433 1186 2512 Kranse,
1218 2434 1381 2520 Olympia,
1412 2459 1442 2521 p.
1476 2439 1550 2500 112.

537 2551 622 2615 Haec
645 2561 749 2616 antem
769 2573 851 2614 nnnc
867 2549 1075 2614 Alcimedonti
1090 2550 1220 2615 felicitas
1237 2552 1400 2636 contigisse
1417 2553 1548 2618 videtur.

536 2667 604 2732 Nec
626 2689 699 2731 sane
722 2689 905 2751 magnopere
928 2668 961 2730 in
985 2667 1042 2731 boc
1066 2667 1199 2731 carmine
1223 2667 1309 2733 labor
1325 2667 1550 2734 Alcimedontis

537 2787 699 2852 laudatur:
735 2785 853 2865 μόχθων
884 2784 1006 2862 dumet
1036 2807 1070 2848 vs
1101 2789 1120 2848 9
1153 2785 1293 2850 universe
1323 2785 1456 2863 dicitnr,
1489 2809 1551 2851 non

538 2902 735 2987 singulariter
765 2902 804 2966 de
834 2901 1065 2966 Alcimedonte:
1098 2910 1204 2965 corrtra
1234 2923 1304 2966 vero
1331 2901 1461 2966 felicitas
1484 2905 1550 2988 ejus

539 3022 675 3105 impense
706 3025 907 3093 memoratur,
938 3019 1069 3082 maxime
1101 3040 1134 3080 vs
1168 3020 1207 3081 la
1240 3039 1312 3102 seqq
1345 3026 1377 3082 et
1401 3021 1443 3081 88
1467 3041 1552 3104 seqq.

539 3136 628 3200 Ocni.
652 3157 733 3219 quae
755 3133 972 3198 annotabimus
995 3133 1033 3196 ad
1058 3155 1090 3196 vs
1114 3137 1168 3198 90.
1203 3133 1349 3198 Ceterum
1372 3135 1404 3199 in
1426 3135 1554 3220 reliquis

540 3252 631 3316 rebus
653 3250 738 3315 baud
761 3250 842 3313 laeta
864 3249 1030 3313 admodum
1055 3250 1177 3314 victoris
1193 3250 1318 3314 fortuna
1333 3251 1446 3315 luerat:
1463 3274 1552 3328 nam,

541 3375 579 3432 ut
607 3391 644 3431 ex
675 3375 811 3431 extrema
843 3367 936 3450 bnjus
968 3367 1110 3430 carminis
1135 3375 1220 3450 parte
1243 3367 1354 3432 merito
1377 3368 1555 3452 conjicitur,

542 3486 768 3562 Callimachus,
801 3484 855 3568 qni
886 3491 972 3569 patcr
1003 3485 1069 3569 ejus
1102 3484 1195 3548 luisse
1226 3484 1364 3562 videtur,
1397 3485 1557 3570 aliquanto

543 3615 615 3667 ante
638 3612 795 3679 mortuus,
820 3602 995 3686 nuperrime
1018 3623 1089 3665 vero
1112 3609 1262 3685 cognatus
1285 3603 1351 3687 ejus
1375 3602 1488 3687 Ipbion
1508 3623 1558 3668 ex·

544 3722 677 3783 stinctus
708 3726 790 3782 erat:
823 3740 886 3801 qno
916 3717 1037 3782 dulcior
1059 3740 1132 3781 sane
1154 3727 1186 3782 et
1210 3719 1313 3804 magui
1335 3721 1433 3783 instar
1455 3719 1557 3782 solatii

545 3836 672 3900 victoria
705 3845 787 3911 erat,
822 3844 914 3899 ancta
948 3837 1040 3899 etiam
1075 3833 1189 3900 honore
1221 3837 1333 3900 fratris.
1379 3835 1559 3920 Reportavit

545 3953 703 4017 victoriam
729 3951 911 4016 Alcimedon
934 3952 1117 4036 Olympiade
1140 3951 1273 4015 LXXX.

590 4070 687 4145 Sunt,
709 4070 763 4152 qui
782 4093 819 4134 ex
840 4069 956 4133 oraculi
973 4069 1276 4146 commemoratione,
1293 4091 1373 4154 quae
1384 4071 1560 4134 continetur

546 4187 636 4250 initio
643 4187 797 4264 carminis,
809 4209 871 4250 nou
884 4195 1005 4250 tantum
1019 4186 1160 4263 efficiant,
1175 4187 1357 4270 promissum
1368 4209 1434 4250 esse
1445 4186 1484 4250 ab
1495 4207 1560 4250 ora·

547 4304 618 4368 culo
643 4305 848 4368 Alcimedonti
871 4326 1052 4388 prosperum
1078 4310 1221 4367 eventum
1243 4305 1434 4381 certaminis,
1456 4325 1560 4369 verum

549 4423 640 4485 etiam
658 4431 781 4509 propter
791 4420 871 4486 banc
880 4441 1001 4483 causam
1014 4419 1130 4486 narrari
1141 4443 1174 4484 vs
1190 4423 1230 4484 53
1244 4420 1422 4488 vaticinium
1434 4420 1473 4484 de
1486 4421 1561 4486 Aea·
