3725 5542
957 730 1023 791 664

488 936 581 1011 κολλᾷ
612 929 655 991 ita
682 927 826 1013 explicet,
859 928 901 994 dre
932 932 1128 1011 πρνσχῶνννσν
1157 934 1207 997 ui
1238 934 1402 1011 προστίθησί
1428 955 1494 995 τινι

487 1058 524 1127 τῇ
555 1047 638 1112 πόλει
667 1055 733 1124 γῆν.
777 1049 899 1124 'Troiae
928 1050 1033 1124 oralia
1063 1050 1101 1115 11.
1136 1050 1218 1115 XIII
1247 1054 1313 1115 314
1345 1062 1377 1115 et
1403 1052 1494 1132 naim

488 1168 595 1231 oralia
618 1166 715 1231 Thoe.
739 1166 786 1231 IV
809 1170 851 1231 38
875 1168 989 1234 dicitur
1012 1193 1117 1257 pugna
1132 1194 1217 1256 ,quae
1239 1171 1378 1235 cominus
1401 1170 1437 1233 m
1459 1176 1492 1233 ct

489 1286 613 1351 stataria
644 1294 704 1351 est:
735 1286 788 1350 sed
811 1288 942 1352 maxime
964 1292 1108 1354 convenit
1130 1291 1228 1355 forma
1248 1290 1388 1361 oratam
1410 1288 1494 1375 apud

489 1404 648 1469 Timaeum
678 1404 809 1470 Locrum
841 1428 870 1491 p.
896 1408 938 1470 98
961 1406 1004 1471 0:
1028 1410 1062 1473 ἐκ
1083 1414 1124 1474 τῶ
1146 1409 1316 1488 τετρνγώνω
1339 1410 1495 1486 ymmone
1594 1413 1608 1423 '

490 1524 539 1588 τὸν
565 1524 666 1601 κύβον,
692 1524 871 1604 &paenam
893 1526 944 1590 mi
966 1527 1105 1592 σταδαῖον
1127 1528 1224 1602 πάντη
1247 1533 1344 1604 σῶμα.
1391 1528 1495 1610 Atque

491 1642 565 1707 hoec
588 1643 627 1708 de
650 1643 790 1729 singulis.
830 1644 995 1725 Quomodo
1017 1656 1120 1712 autem
1144 1647 1291 1733 Hipparis
1313 1656 1426 1733 pangat
1449 1669 1496 1710 ae

490 1763 592 1829 dificia
613 1773 645 1829 et
667 1764 783 1851 populo
806 1765 936 1831 salutem
951 1766 1112 1851 lucemque
1126 1766 1235 1843 donet,
1251 1776 1356 1831 nostra
1371 1764 1495 1850 quidem

492 1881 608 1960 brevis,
643 1892 691 1966 et,
720 1891 756 1947 ut
786 1884 987 1963 arbitramur,
1018 1908 1089 1950 vera
1119 1886 1281 1970 explicatio
1311 1893 1367 1949 eat.
1413 1883 1493 1949 Nam

492 2003 645 2067 materiem
670 2002 762 2067 undis
784 2004 919 2067 lluminis
942 2004 1099 2070 ademtam
1123 2005 1217 2070 luisse
1236 2026 1292 2069 neo
1307 2003 1424 2069 affirmo
1439 2025 1494 2069 noc

493 2144 588 2206 nego:
620 2123 682 2187 fieri
714 2123 805 2187 etiam
828 2132 945 2208 potest,
969 2134 1005 2188 ut
1027 2125 1125 2190 amnis
1147 2124 1200 2189 ille
1223 2125 1361 2209 piscosus
1383 2121 1493 2187 fuerit:

492 2240 576 2325 quod
607 2242 731 2328 quidem
758 2242 922 2307 scholiasta
945 2244 1096 2308 recentior
1117 2252 1343 2307 commemorat
1377 2240 1495 2306 Verum

492 2382 553 2425 nou
588 2360 631 2425 ita
665 2360 703 2425 de
734 2362 886 2428 undarum
917 2362 1032 2427 auxilio
1062 2362 1156 2427 Poeta
1187 2361 1358 2448 praedicat:
1389 2360 1497 2425 laudat

491 2478 634 2544 lineium
665 2481 745 2545 siout
774 2480 893 2559 Deum,
925 2482 980 2566 qui
1007 2481 1106 2546 undas
1135 2504 1206 2583 suas
1236 2481 1378 2566 rivosque
1408 2500 1497 2545 vene·

492 2598 602 2663 randos
635 2598 731 2663 mittit
764 2600 866 2684 genti,
900 2600 1016 2685 quique
1049 2600 1154 2665 divino
1189 2598 1340 2687 praesidio
1374 2620 1432 2664 suo
1462 2620 1499 2662 ac

492 2716 630 2802 potentia
660 2716 764 2781 diviua
794 2716 942 2782 dilectum
971 2717 1030 2782 sihi
1060 2718 1179 2803 adjuvit
1208 2717 1358 2805 populum
1384 2716 1497 2781 civium

493 2844 524 2900 et
547 2836 684 2922 provexit
706 2835 744 2899 ad
768 2836 1020 2903 incolumitatem.

539 2958 591 3019 34.
625 2958 707 3037 ἅμφ·
729 2958 870 3035 ἀρεταῖσι.
905 2955 1164 3042 Gonjungendum
1186 2963 1232 3019 est
1252 2977 1322 3020 eum
1336 2953 1496 3035 μάρναται.

493 3074 596 3139 Labor
627 3082 822 3161 comtusque,
847 3075 901 3140 uhi
924 3074 963 3139 de
984 3074 1077 3140 laude
1099 3082 1234 3151 certant,
1258 3073 1388 3151 hahent,
1414 3072 1498 3157 quod

493 3202 670 3280 expugnent
693 3202 724 3259 et
736 3217 877 3280 superare
892 3194 1040 3273 debeant,
1057 3216 1135 3279 opus
1151 3192 1287 3279 periculo
1302 3191 1497 3257 obvolutum:

494 3311 604 3398 quodsi
628 3334 698 3377 vero
721 3312 837 3377 felicem
854 3332 1031 3377 successum
1044 3312 1127 3377 nacti
1142 3319 1230 3389 sunt,
1247 3310 1393 3376 laudatur
1406 3310 1498 3374 etiam

495 3454 513 3493 a
534 3430 652 3495 civibus
675 3452 781 3495 eorum
805 3431 964 3517 sapientia.
998 3430 1146 3516 Spectant
1161 3430 1235 3494 haec
1250 3429 1289 3493 ad
1304 3427 1498 3494 Paaumidem

494 3550 620 3634 ejusque
651 3549 816 3613 victoriam.
864 3548 910 3613 De
941 3547 1120 3614 difficultate
1147 3557 1179 3612 et
1200 3547 1304 3613 labore
1326 3547 1498 3611 certaminis

495 3667 649 3754 Olympici
671 3668 844 3752 frequenter
866 3668 1019 3734 Pindarus
1041 3677 1270 3734 commemorat:
1294 3666 1345 3732 01.
1367 3666 1416 3731 VI
1440 3668 1497 3743 14,

496 3787 549 3853 ubi
580 3810 703 3873 prorsus
733 3789 871 3853 similitor
901 3788 1065 3853 difficultas
1094 3786 1259 3874 peragendi
1287 3794 1319 3851 et
1340 3786 1408 3851 laus
1429 3807 1499 3870 per·

494 3908 553 3971 acti
576 3908 749 3972 certaminis
771 3908 852 3973 iuter
874 3931 906 3972 se
929 3917 1153 3993 comparantur.
1177 3906 1224 3970 Ol.
1248 3905 1299 3970 Ol.
1323 3905 1354 3969 X
1369 3907 1428 3982 to,
1442 3905 1497 3968 at.

494 4026 675 4091 Memor-avit
705 4026 799 4092 Poeta
829 4026 968 4104 laudem,
996 4050 1089 4111 quam
1110 4026 1252 4091 Pssumis
1274 4023 1392 4089 civitati
1414 4022 1499 4087 addi·

494 4144 589 4223 derit,
622 4168 671 4209 vsa
703 4148 737 4225 8,
765 4147 823 4223 16,
848 4148 908 4224 20,
933 4146 990 4209 23:
1014 4168 1098 4209 nunc
1121 4166 1193 4230 ergo
1215 4144 1317 4229 ipsum
1341 4149 1500 4228 propterea

494 4263 615 4329 laudem
639 4270 669 4327 et
691 4264 797 4327 mereri
821 4272 851 4327 et
874 4264 1009 4327 nancisei
1032 4262 1195 4349 praedicat.

538 4385 591 4445 41.
625 4388 725 4461 τιμῶν.
760 4381 875 4446 Ilodem
901 4381 1064 4460 vocabulo,
1088 4380 1220 4459 τιμᾶσας
1243 4382 1326 4461 πόρον
1349 4384 1498 4463 Ἀλφεοῦ,

496 4500 608 4565 dicitur
631 4500 778 4567 Hercules
801 4501 964 4567 honorasse
984 4501 1137 4589 Alpheum
1154 4523 1225 4565 cum
1239 4499 1399 4565 duodecim
1416 4498 1496 4563 Diis.
