3725 5542
820 727 884 786 401

346 929 503 994 victoriam
537 925 666 1010 Agesiae
690 925 785 988 fuisse
808 933 878 1009 post-
901 925 1032 987 Aetnam
1059 924 1224 988 conditam.
1272 923 1361 988 Gonf.

347 1070 417 1132 pag.
442 1048 518 1110 371.

394 1165 467 1226 loa.
505 1161 652 1236 ἁδύλογοι.
688 1157 776 1223 0111.
801 1156 852 1222 01.
878 1157 895 1221 I
918 1160 971 1222 22.

394 1283 468 1344 163.
504 1279 703 1356 γιγνώσκοντι.
741 1274 831 1339 (loni.
855 1274 906 1338 Ol.
932 1273 997 1338 VII
1024 1277 1097 1339 153.

393 1401 468 1460 163.
503 1396 546 1474 μὴ
565 1395 688 1474 Oporinos.
725 1391 814 1456 Gonl.
839 1391 889 1454 Ol.
915 1390 998 1455 VIII
1021 1395 1061 1456 37

638 1512 653 1575 ὅ
675 1509 700 1574 δ’
712 1509 901 1574 ἐπαντέλλων
924 1510 1025 1590 χρόνος

635 1633 720 1693 τοῦτο
742 1625 880 1708 πράσσων
904 1629 948 1703 μὴ
971 1625 1069 1704 κάμοι.

395 1749 468 1811 165.
512 1743 647 1810 Videtur
686 1744 815 1829 Agesias
850 1744 948 1807 victor
983 1743 1117 1828 primurn
1151 1743 1367 1828 Stymphalum

347 1863 476 1942 abiisse,
500 1861 572 1926 inde
595 1884 667 1926 vero
690 1861 855 1946 Syracusas
878 1861 1015 1926 rediisse.
1051 1860 1206 1926 Habuisse
1231 1860 1367 1926 illumin

347 1988 477 2065 utraque
501 1979 576 2044 urbe
599 1979 772 2056 civitatem,
796 1978 829 2043 id
852 1977 936 2061 qnod
960 1978 1104 2042 nonnulli
1128 1977 1266 2042 efficiunt
1281 2001 1318 2042 ex
1334 2000 1368 2041 vs

350 2099 410 2162 137
444 2095 548 2162 οἴκοθεν
570 2096 683 2179 οἶκαδε,
709 2096 759 2160 vix
782 2095 928 2160 credibile
952 2117 1018 2160 esse
1041 2095 1199 2159 existimo:
1225 2095 1368 2160 habuisse

349 2237 420 2279 euru
442 2213 618 2300 Stymphali
641 2213 789 2298 gentilos,
814 2221 943 2299 apparet
967 2236 983 2277 1
1006 2235 1040 2276 vs
1064 2215 1126 2290 40,
1150 2214 1368 2296 ἀνδρῶνγὲνος,

351 2339 383 2395 11
417 2333 478 2394 130
510 2332 643 2411 μάτρωες
667 2331 782 2410 dodran:
808 2352 880 2415 ergo
903 2339 1029 2414 propter
1052 2331 1171 2414 generis
1196 2331 1370 2416 proximita-

348 2459 410 2514 tem
435 2447 608 2534 Stymphali
631 2448 718 2532 quasi
742 2447 930 2512 domesticus
954 2448 1026 2512 luit.

397 2570 471 2632 169.
505 2567 610 2647 ματέρ’
633 2565 790 2644 Ἀρκαδίας
825 2563 1011 2644 Quaeritur,
1036 2563 1190 2648 quomodo
1210 2563 1370 2649 Stympha-

352 2685 403 2750 lus
427 2683 549 2748 dicatur
570 2691 668 2747 mater
690 2682 848 2747 Arcadiae.
898 2681 994 2759 Sunt,
1019 2682 1074 2766 qui
1095 2681 1213 2760 ματέρα
1233 2681 1270 2744 sd
1291 2684 1371 2767 Age·

350 2804 426 2866 siam
441 2801 594 2878 referant,
610 2809 642 2865 et
656 2800 816 2881 Ἀρκαδίας
832 2799 974 2884 partitive
990 2799 1078 2882 quasi
1094 2800 1230 2883 poeltum
1241 2806 1370 2884 putent,

350 2926 387 2983 ut
408 2919 599 3002 significetur
621 2918 696 2983 urbs
720 2940 775 2995 ea,
799 2939 835 2981 ex
859 2937 920 3000 qua
945 2917 1072 3001 Agesiaa
1095 2917 1245 2982 oriundus
1266 2919 1323 2994 sit,
1342 2925 1372 2981 11

351 3057 430 3122 quae
460 3037 501 3100 sit
531 3035 605 3100 urbs
639 3035 799 3100 Arcadiae.
835 3033 952 3099 Verum
975 3035 1008 3099 id
1032 3036 1155 3119 quidem
1179 3057 1242 3100 non
1265 3035 1370 3120 probo.

351 3151 453 3232 Quom
486 3159 575 3216 vetus
606 3153 702 3218 luerit
734 3153 807 3217 urbs
837 3151 1055 3237 Stymphalos,
1088 3161 1119 3216 et
1149 3151 1303 3237 quomodo
1334 3151 1372 3216 ab

351 3269 464 3354 Aepyti
487 3270 582 3334 fratre
604 3271 779 3348 nominata,
804 3279 840 3334 nt
860 3292 973 3335 nomen
996 3270 1075 3335 illud
1092 3271 1224 3335 nominis
1241 3269 1373 3355 Cyllenii

352 3387 468 3451 montis
481 3394 667 3452 vetustatem
680 3386 908 3472 adaequaverit,
922 3389 1083 3474 attigimus
1095 3410 1197 3473 supra,
1214 3410 1283 3473 pag.
1298 3389 1372 3451 186.

351 3503 434 3590 Ilrgo
457 3504 576 3590 poetice
600 3527 711 3570 ornans
735 3506 786 3570 hio
808 3515 889 3570 certe
912 3505 1066 3571 Pindarus
1092 3528 1158 3571 eam
1181 3506 1236 3571 illo
1258 3507 1374 3570 honore

353 3621 463 3686 evexit.

400 3742 473 3804 170.
509 3739 622 3817 ἀγαθαὶ
656 3741 687 3804 δὲ
708 3777 755 3790 -
778 3740 820 3805 δύ’
851 3741 990 3820 ἄγκυραι.
1038 3740 1225 3806 Scholiastae
1250 3741 1308 3804 hoo
1331 3741 1375 3804 ito

353 3856 524 3940 explicant,
557 3857 703 3941 Agesiam
726 3856 804 3921 duos
827 3858 944 3942 patrias
968 3858 1135 3934 habuisse,
1159 3856 1372 3942 Stymphalon

355 3979 387 4036 11
417 3971 599 4056 Syracusas,
631 3981 725 4059 atque
754 3974 784 4037 id
808 3974 993 4058 pertinuisse
1017 3974 1055 4038 ad
1080 3975 1144 4060 ejus
1168 3975 1373 4038 securitatem.

355 4088 503 4155 Similiter
535 4089 725 4155 Boeokhins:
751 4099 782 4155 et
805 4089 881 4156 dioit
904 4099 1077 4177 praeterea,
1102 4091 1387 4176 prudentissimum.

354 4207 448 4272 fnisse
478 4231 497 4271 a
525 4207 622 4272 Poeta
651 4207 758 4272 datum
791 4209 922 4294 Agesiae
954 4208 1128 4274 eonsilium.
1175 4208 1297 4289 Quodsi
1325 4209 1374 4273 hio

356 4323 537 4409 Stymphalo
569 4324 670 4410 patria
700 4327 749 4389 nti
780 4327 954 4405 maluisset,
984 4349 1046 4391 non
1078 4327 1274 4392 interemtum
1305 4349 1375 4391 enm

357 4441 468 4507 fnisse:
493 4465 593 4528 nequo
616 4465 682 4508 eam
698 4444 823 4510 eaedem
838 4445 965 4510 Poetam
981 4443 1188 4532 praevidisse,
1204 4444 1258 4508 sed
1274 4452 1376 4509 tamen

1211 4567 1247 4621 33
