3725 5542
993 689 1057 750 470

518 893 639 958 laudem
665 891 882 965 recentiorem,
907 897 938 952 et
961 887 1054 971 paulo
1080 897 1151 950 ante
1174 885 1367 970 Olympicum
1388 887 1416 951 ei
1434 885 1538 971 Pythi·

514 1034 582 1077 cam
608 1009 764 1074 victoriam
787 1005 962 1090 contigisse.

564 1133 615 1195 17.
650 1122 875 1209 χαμαιπετέων.
911 1123 1036 1187 Dicitur
1066 1121 1192 1205 quidem
1216 1121 1254 1186 de
1278 1143 1350 1186 voce
1374 1122 1477 1200 irrita,
1501 1133 1538 1186 ut

515 1248 570 1333 Py.
594 1245 642 1308 VI
666 1247 706 1308 37
731 1241 847 1306 Nestor
868 1241 969 1305 filium
992 1239 1025 1304 in
1050 1238 1199 1304 auxilium
1224 1238 1377 1304 advocans

694 1359 889 1442 χαμαιπετὲς
915 1357 940 1420 δ’
964 1355 1011 1438 ἄρ’
1034 1357 1102 1428 ἔπος
1126 1359 1176 1422 οὐκ
1198 1357 1356 1437 ἀπέριψεν·

514 1490 546 1547 et
568 1480 711 1546 similiter
733 1478 868 1542 caducus
892 1474 976 1560 apud
1000 1472 1149 1538 Ovidium
1173 1473 1256 1538 unt.
1281 1474 1298 1538 Ι
1326 1478 1386 1538 181

853 1615 911 1656 uec
937 1591 1045 1676 lingua
1069 1590 1199 1654 caduces

606 1715 742 1798 concipit
763 1713 829 1776 ulla
851 1733 973 1797 preces,
997 1710 1140 1796 dictaque
1164 1709 1286 1794 pondus
1310 1709 1434 1774 habent.

518 1834 579 1899 Sed
601 1841 722 1905 tamen,
743 1830 804 1894 uiai
826 1829 935 1906 fallor,
962 1827 1035 1892 buic
1060 1826 1208 1891 vocabulo
1232 1835 1264 1890 et
1287 1826 1380 1891 verbo
1403 1827 1540 1907 ἐφάψεαι

515 1917 578 2015 boc
599 1951 669 2015 loco
692 1950 783 2013 etiam
808 1947 915 2011 subeat
937 1945 1126 2029 comparatio
1149 1944 1292 2009 telorum.
1339 1943 1434 2008 Recte
1453 1944 1541 2008 sobo

518 2069 609 2134 liaata
637 2076 743 2131 vetus:
771 2073 955 2146 χαμαιπετῆ
984 2064 1014 2127 δὲ
1043 2063 1143 2143 ιιιιρίιις
1172 2063 1234 2127 ε’στί
1266 2063 1376 2143 δόρατα
1406 2064 1422 2138 ἣ
1446 2063 1540 2139 βέλη,

516 2184 566 2251 ὅτε
586 2186 782 2264 ιίποτυχίντα
803 2189 855 2246 τοῦ
878 2182 1016 2258 σώματος
1038 2179 1143 2259 χαμαί
1168 2179 1281 2245 ἔπεσεν.

563 2304 616 2366 23.
652 2302 791 2375 αίνιίσαις.
827 2299 875 2362 De
906 2298 1005 2361 forma
1037 2297 1192 2382 participii
1223 2298 1330 2361 monui
1354 2297 1394 2360 ad
1416 2296 1468 2362 Ol.
1492 2297 1540 2362 t]

523 2425 582 2498 10,
610 2442 679 2505 pag.
705 2420 782 2481 378.
816 2415 858 2479 Et
880 2417 1116 2500 conjunguntur
1138 2415 1263 2499 quidem
1287 2415 1321 2478 in
1344 2413 1450 2480 eadem
1472 2439 1540 2481 seu-

518 2539 616 2602 tentia
638 2535 836 2620 participium
860 2555 1004 2619 praeseus
1028 2541 1059 2596 et
1078 2532 1183 2596 aoristi
1207 2529 1258 2597 Ol.
1283 2531 1336 2596 III
1357 2535 1377 2596 8
1400 2535 1540 2614 γεραίρων
1669 2553 1670 2576 ³

517 2657 648 2735 δρίοίσας.
682 2651 902 2716 Verumtamen
933 2652 1066 2724 αἰνήσαις
1096 2650 1155 2712 hoc
1186 2649 1273 2727 loco,
1306 2657 1341 2714 ut
1377 2651 1536 2728 existimo,

517 2780 564 2837 est
591 2771 762 2855 optativus:
787 2769 889 2853 pergit
911 2769 1008 2832 Poeta
1031 2769 1229 2853 semetipsum
1254 2767 1425 2852 alloquens.

562 2891 615 2952 25.
653 2889 785 2968 Σώτειρα
807 2887 939 2964 Εὐνομία
961 2885 1010 2950 Οί.
1035 2888 1194 2950 annotatio
1218 2886 1258 2949 ad
1279 2883 1331 2949 01.
1355 2885 1439 2950 VH]
1462 2888 1516 2950 20.

562 3010 616 3070 25.
651 3007 812 3086 λέλογχεν.
847 3004 938 3068 Cous.
959 3027 1038 3088 quae
1053 3005 1270 3069 annotabimus
1286 3003 1325 3068 ad
1342 3003 1392 3069 Ol.
1411 3003 1489 3068 XIV
1508 3007 1538 3069 l.

564 3127 617 3189 27.
653 3123 766 3189 ίοίλλει.
801 3122 968 3188 Civitatem
982 3123 1129 3207 inclytam
1142 3123 1265 3207 justitia
1282 3122 1451 3188 multorum
1463 3145 1540 3207 quo-

515 3242 632 3324 quein
654 3240 737 3305 ludis
760 3241 911 3304 victorum
935 3239 1080 3305 laudibus
1105 3240 1254 3304 floruisse.

561 3361 614 3421 32.
649 3335 762 3439 ματέρ’.
796 3357 966 3422 Locrorum
1001 3357 1211 3443 Opuntiorum
1247 3356 1406 3442 Opuntem
1440 3357 1537 3422 luisse

513 3477 700 3561 metropolin
723 3478 815 3540 etiarn
838 3477 967 3552 Strabo,
992 3476 1028 3540 L.
1050 3475 1096 3539 IX
1114 3499 1144 3561 p.
1162 3477 1242 3553 425,
1260 3475 1372 3540 diserte
1388 3475 1532 3540 affirmat:

512 3596 708 3659 ἐπεκαλοῦντο
735 3594 759 3658 δ’
786 3595 811 3658 οί
833 3596 888 3672 μὲν
910 3595 1075 3660 Ὀπούντιοι
1098 3596 1159 3658 aar
1182 3603 1235 3668 τῆς
1258 3593 1481 3673 μητροπόλεως,
1505 3596 1531 3659 ol

512 3712 538 3774 δ’
569 3711 776 3788 Ἐπιιινιιμιέες
804 3713 864 3776 ἀπὸ
895 3712 971 3791 ὅρους
1002 3715 1076 3783 τινὸς
1106 3711 1255 3788 Κννιμίδνς.
1302 3709 1344 3774 Ilt
1371 3711 1532 3797 deincapl:

512 3829 631 3907 αρκτίον
654 3827 680 3891 δ’
702 3827 763 3892 dard
786 3837 842 3893 τῶν
865 3827 1058 3910 Ὀπουντίων,
1078 3867 1124 3878 -
1142 3831 1156 3890 ι’
1176 3829 1200 3892 δ’
1217 3832 1328 3901 Ὀποῦς
1347 3829 1409 3892 ἐστι
1427 3833 1534 3908 μητρί-

514 3959 608 4016 πολις.
646 3944 748 4025 Quem
770 3947 872 4011 locum
896 3948 1061 4032 respiciens
1085 3946 1268 4011 Eustathius
1292 3945 1331 4010 ad
1353 3946 1390 4010 Il.
1412 3945 1447 4010 II
1467 3949 1530 4010 531

514 4085 576 4128 nou
607 4065 682 4127 satis
706 4063 870 4150 diligenter
893 4065 1022 4130 eandem
1046 4066 1083 4130 ab
1110 4088 1145 4129 eo
1168 4063 1338 4129 Locrorum
1362 4063 1534 4149 Epicnemi-

514 4180 638 4244 diorum
662 4183 846 4267 metropolin
870 4183 985 4246 dictam
1009 4205 1073 4246 esse
1097 4181 1247 4267 perhibet.

561 4301 615 4362 32.
650 4300 869 4380 αγλαοῖενδριν.
903 4300 1081 4364 Secundum
1110 4299 1291 4364 Strabonem
1318 4299 1431 4363 ibidem
1454 4299 1533 4364 inter

518 4414 675 4501 Opuntem
704 4427 736 4480 et
758 4416 879 4502 Cynum
902 4418 996 4481 situm
1021 4428 1066 4482 est
1090 4418 1184 4482 πεδίον
1208 4417 1353 4494 εὔδαιμον.
