3725 5542
487 937 570 1003 νῆσον
596 930 625 996 ἐς
650 927 770 1002 Alaina,
794 925 833 990 aa
855 925 885 990 ‘e'
908 923 994 996 Ἠοῦς
1017 925 1172 1005 ἦννγενείνς

490 1044 565 1109 οίκίοο
588 1043 638 1108 nal
660 1042 742 1124 χοροί
762 1045 816 1108 slot
839 1043 889 1107 κυνί
913 1042 1035 1106 οίντολοοί
1058 1042 1191 1107 Ἠελίοιο.

377 1166 429 1227 34.
464 1163 601 1242 τρίπολον.
649 1161 749 1226 Urbes
782 1160 950 1225 laudantur
985 1183 1018 1223 vs
1056 1161 1128 1222 135.
1175 1159 1248 1243 Ipsa
1278 1159 1350 1223 urbs

331 1281 460 1345 Rhodus
483 1288 588 1366 postea
610 1281 735 1345 condita
755 1289 804 1344 est
826 1288 963 1364 tempore
986 1278 1058 1342 belli
1083 1277 1350 1364 Peloponnesiaci,

338 1406 443 1464 otest
465 1397 751 1484 apudStnaboncm
774 1397 812 1461 L.
837 1395 916 1460 XIV
940 1417 969 1480 p.
995 1399 1079 1474 654,
1103 1399 1121 1471 ἧ
1144 1396 1173 1460 δὲ
1196 1403 1245 1461 νῦν
1267 1397 1352 1470 τίλνς

337 1516 452 1591 ἐκτίσθη
475 1516 558 1581 κατὰ
580 1515 621 1580 τὰ
643 1513 909 1588 Πελοποννκσνσκί.

382 1636 436 1696 85.
472 1633 600 1713 ἕκβίλῳ.
640 1631 688 1696 De
711 1634 864 1716 scriptura
885 1630 1006 1711 ἐμβόλῳ
1028 1638 1059 1694 et
1081 1630 1202 1709 ἔμβολον
1224 1632 1256 1694 in
1272 1633 1353 1695 notis

334 1750 447 1816 criticis
468 1751 713 1817 memoravimus.
758 1749 801 1814 Ilt
817 1749 856 1814 de
877 1749 1030 1833 scripturo
1044 1747 1168 1830 σκοίτσῳ
1183 1755 1214 1812 ct
1229 1719 1353 1814 σνυίττυ

338 1871 434 1942 τέλος
464 1868 546 1934 Nem
576 1868 625 1932 XI
655 1871 676 1932 4
704 1889 761 1932 sno
787 1869 855 1932 loco
877 1866 1060 1931 videbimus.
1105 1865 1237 1930 Ponitur
1260 1867 1354 1939 τέλος

338 2009 408 2052 cum
439 1985 590 2072 genitivo,
622 1986 707 2051 velut
736 1986 829 2050 Hom,
858 1983 918 2050 Od.
944 1983 1004 2048 XV
1028 1986 1091 2050 25⁷
1116 1983 1146 2056 ὃς
1169 1984 1239 2051 τότε
1260 1993 1355 2058 Τολε-

337 2104 441 2185 μοίχου
468 2105 564 2176 τέλος
594 2102 707 2170 ίστονσο.
753 2103 869 2168 Herod.
898 2101 983 2167 VIII
1006 2106 1048 2167 89
1072 2103 1215 2169 Αὐτονόου
1237 2103 1355 2180 τέμενος

339 2222 436 2295 τέλος
464 2230 519 2296 τῆς
545 2223 728 2296 Κκστοιλίνς.
764 2220 875 2284 Aesoh.
900 2222 1009 2304 Agam.
1037 2222 1139 2298 1038,
1163 2221 1196 2284 in
1220 2219 1355 2285 editione

338 2337 472 2404 Hensdii
493 2340 558 2403 948
574 2339 731 2403 στννίείσσν
746 2337 863 2411 κτησίου
877 2337 981 2414 βωμοῦ
996 2337 1101 2410 τέλος.
1123 2339 1206 2404 1671
1224 2338 1355 2418 οίλίκτωρ

338 2455 414 2521 ὥστε
436 2457 553 2529 ίκλοίννς
576 2456 689 2527 τέλος,
714 2453 797 2538 apud
820 2453 996 2518 Heusdinm
1023 2455 1107 2519 1579
1132 2462 1163 2518 ot
1183 2453 1277 2534 ὥσπερ
1300 2477 1356 2541 pro

339 2571 423 2639 ἶίοτε.
465 2570 549 2636 ’Gom
573 2572 695 2649 dativo,
718 2578 756 2635 ut
778 2570 889 2634 Aesoh.
913 2569 988 2656 Sup.
1013 2572 1078 2634 208

519 2688 627 2766 θέλοιμ’
649 2687 687 2754 ἂν
708 2687 761 2763 ἤδη
783 2710 830 2752 σον-
848 2687 945 2758 τίλοος
969 2687 1075 2768 θρόνους
1098 2685 1188 2768 ἔχειν.

339 2807 433 2892 Soph.
457 2805 535 2872 Oed.
558 2805 594 2870 Τ.
619 2806 684 2869 400

652 2923 738 2988 δοκῶν
760 2921 860 3003 ίρίνονς

518 3041 759 3119 naaman-sicsic
781 3046 842 3112 τοίς
864 3040 1035 3119 Κρεοντείονς
1058 3039 1164 3112 τέλος.

342 3159 391 3242 Α]’.
417 3158 481 3223 m

513 3273 671 3346 Ἄνοοσσον,
695 3280 755 3345 τοῖς
778 3268 911 3337 ἄλλονσνν
932 3271 1072 3351 Ἀργείων
1095 3271 1189 3344 τίλας

517 3383 594 3450 ἵστω.

341 3502 432 3567 Certe
458 3501 556 3587 igitur
585 3502 783 3586 pammatioa
811 3501 890 3566 ratio
921 3503 1085 3587 utriusque
1115 3525 1205 3568 casus
1228 3513 1357 3571 constat.

341 3623 450 3709 Ipsum
480 3630 585 3686 autem
613 3620 741 3699 ἔμβολον
770 3619 938 3685 secundnm
969 3620 1147 3686 scholiastes
1171 3630 1287 3687 veteres
1311 3625 1358 3688 vel

344 3746 391 3805 est
419 3738 530 3824 Lycia:
563 3737 610 3802 vel
641 3737 765 3822 quidam
797 3737 883 3802 locus
914 3759 1009 3823 prope
1033 3738 1224 3822 Arycandam
1248 3739 1359 3826 Lyciae

343 3857 467 3934 urbem,
499 3856 554 3938 qui
584 3877 682 3940 quum
708 3876 746 3919 ex
777 3855 884 3919 moltis
914 3854 1046 3939 latisque
1074 3857 1154 3920 saxis
1178 3857 1210 3920 in
1233 3865 1358 3923 acutum

342 3975 458 4039 exitum
490 3981 648 4059 porrectus
678 3980 772 4049 esset,
805 3980 896 4036 antea
918 3971 1088 4051 Embolon,
1113 3981 1219 4058 postea
1240 3975 1359 4040 'Priores

342 4091 513 4177 appellatus
536 4090 594 4168 sit,
618 4096 648 4153 et
671 4089 866 4174 praecipuam
886 4087 966 4152 Solis
983 4088 1189 4156 adorationem
1207 4092 1358 4159 habuerit.

344 4207 460 4273 Veram
490 4207 543 4271 ille
569 4206 673 4283 locus,
698 4206 753 4291 qui
775 4204 814 4269 ab
836 4205 904 4290 ipso
926 4205 1091 4271 scholiasta
1113 4207 1184 4288 ίερίν
1206 4233 1234 4274 τι
1256 4213 1360 4290 χωρίον

346 4325 535 4411 appellatur,
558 4323 635 4389 mihi
659 4330 690 4387 ot
713 4346 731 4387 a
753 4322 864 4387 Rhodo
886 4324 984 4408 magis
1006 4331 1142 4390 remotus
1166 4333 1197 4390 et
1212 4327 1359 4393 minutior

345 4443 440 4508 faisse
469 4442 608 4519 videtur,
640 4463 733 4525 qnam
754 4448 791 4505 nt
812 4448 948 4506 rostrum
971 4443 1063 4506 Asiae
1086 4445 1236 4529 spatiosae
1259 4447 1360 4531 appel·
