3725 5542
991 668 1055 727 520
1674 750 1675 753 Ἴ

519 864 573 927 riis
602 863 762 949 Ergotelea
791 887 867 929 usus
898 866 941 928 sit
966 864 1099 928 civitatis
1123 865 1247 929 nomine
1273 865 1484 929 Himerensis:
1511 875 1546 927 et

519 1004 556 1045 ex
580 982 638 1045 hoo
661 981 796 1046 carmine
817 982 944 1046 Pindari
968 982 999 1045 id
1023 990 1164 1067 apparet:
1189 982 1278 1067 eujus
1301 983 1399 1047 oratio
1420 990 1488 1045 tota
1504 983 1543 1045 in

518 1122 556 1163 eo
585 1106 650 1176 est,
678 1108 715 1163 ut
740 1097 900 1176 ostendat,
925 1098 1080 1183 Hrgotelis
1103 1099 1247 1163 victorias
1271 1098 1375 1163 deberi
1398 1100 1464 1184 ejus
1486 1122 1544 1163 ex·

518 1217 606 1293 silio,
637 1216 823 1301 laudemque
854 1217 921 1301 ejus
951 1215 985 1279 in
1016 1216 1147 1281 obscuro
1178 1216 1314 1280 futuram
1337 1216 1450 1293 fuisse,
1474 1216 1542 1280 uisi

520 1334 620 1419 patria
642 1333 751 1397 fuisset
774 1332 931 1417 expulsus.

564 1449 639 1512 Fuit
671 1457 775 1512 autem
809 1447 968 1511 Himeram
1003 1447 1136 1511 deducta
1170 1448 1292 1513 colonio
1326 1471 1344 1511 a
1373 1448 1538 1525 Therone,

518 1577 586 1630 tum
609 1566 827 1641 Dorieusium,
843 1575 910 1628 tum
926 1564 1075 1640 aliorum,
1093 1563 1285 1649 Olympiadis¹
1301 1564 1438 1629 LXXVI
1453 1587 1541 1629 auno

520 1684 635 1768 primo:
669 1694 705 1745 ut
734 1683 825 1747 docet
855 1682 1011 1746 Diodorus
1042 1682 1165 1746 Siculus
1197 1682 1234 1745 L.
1265 1682 1314 1746 XI
1345 1682 1381 1746 Ο.
1409 1685 1469 1745 49:
1493 1683 1540 1746 ef.

519 1803 639 1865 Brunet
661 1800 700 1864 de
722 1800 845 1877 Preale,
868 1799 1060 1863 Reoherohes
1083 1821 1136 1863 sur
1158 1799 1203 1863 les
1220 1800 1463 1864 etablissements
1478 1800 1539 1865 doe

519 1920 615 1983 Grecs
645 1940 683 1981 en
706 1917 816 1993 sicile,
840 1940 870 2001 p.
898 1919 971 1980 140.
1007 1916 1111 2000 Hujus
1131 1938 1203 2000 ergo
1219 1900 1357 1981 coloniae
1373 1916 1538 1999 Ergoteles

519 2057 580 2099 uon
613 2034 672 2098 tuit
702 2034 822 2110 socius,
850 2033 904 2097 sed
927 2034 1015 2117 prius
1039 2034 1196 2097 Himeram
1219 2034 1323 2111 uenit,
1347 2034 1373 2097 si
1396 2056 1432 2097 ea
1454 2056 1542 2097 oom-

522 2153 644 2238 putatio
667 2152 766 2233 valet,
791 2172 885 2236 quam
907 2151 1075 2234 sequimur.
1111 2150 1234 2231 Quodsi
1256 2152 1326 2236 quis
1350 2159 1451 2215 tamen
1468 2174 1542 2235 pro·

526 2270 659 2336 habilius
682 2269 887 2346 existimabit,
911 2268 1049 2333 coloniae
1071 2268 1118 2333 illi
1141 2268 1318 2353 Ergotelem
1340 2270 1539 2347 interfuisse,

519 2387 644 2451 debebit
665 2394 721 2450 aut
743 2387 823 2450 hanc
845 2384 1022 2470 Olympiam
1046 2386 1204 2449 victoriam
1227 2394 1258 2449 et
1279 2394 1447 2471 reportatas
1462 2394 1540 2449 aute

520 2527 586 2569 eam
602 2504 730 2588 Pythias
746 2503 888 2567 victorias
904 2502 1057 2586 posterius
1073 2502 1169 2566 foetes
1185 2508 1295 2587 putare
1307 2524 1399 2585 quam
1411 2524 1541 2587 eompu-

518 2622 668 2695 tevimus,
692 2627 747 2682 aut
769 2619 897 2703 Pythias
912 2618 1017 2683 ambas
1034 2618 1175 2682 victorias
1191 2619 1286 2683 factas
1302 2641 1368 2683 esse
1383 2618 1539 2703 Pythiade

518 2735 681 2800 XXVIII:
705 2743 744 2799 ut
765 2735 893 2799 fortasse
908 2735 1004 2799 altera
1019 2735 1112 2799 fuerit
1127 2735 1236 2813 stadii,
1253 2736 1350 2801 altera
1364 2736 1477 2800 diauli:
1495 2738 1539 2801 si-

519 2854 606 2917 milia
620 2852 821 2939 Xenophonti
832 2851 994 2937 Olympiae
1006 2853 1171 2938 contigisse
1183 2862 1311 2939 apparet
1321 2852 1373 2918 Ol.
1385 2853 1469 2919 XIII
1479 2858 1538 2917 50.

518 2969 636 3034 Verum
658 2969 691 3033 id
714 2993 731 3033 e
755 2992 787 3032 vs
805 2972 847 3031 26
864 2969 958 3052 hujus
974 2970 1117 3033 carminis
1133 2970 1184 3033 vix
1199 2970 1277 3035 effici
1293 2993 1381 3057 posse
1396 2971 1536 3035 videtur:

518 3108 575 3151 neo
598 3086 761 3173 probamus
784 3085 1038 3171 explieatiouem,
1062 3094 1099 3150 ut
1121 3108 1185 3151 una
1205 3095 1328 3151 tantum
1344 3088 1456 3171 Pythia
1475 3090 1538 3153 vio-

518 3204 598 3267 toria
620 3226 654 3265 rs
678 3205 720 3264 26
744 3202 951 3287 significetur,
976 3202 1031 3267 sed
1047 3225 1114 3267 eam
1129 3225 1185 3268 suo
1201 3205 1269 3269 looo
1284 3205 1535 3269 memorabimus.

518 3322 601 3407 Ergo
632 3322 797 3385 adventum
823 3321 977 3405 Ergotelis
1001 3322 1158 3385 Himeram
1182 3322 1235 3386 illa
1257 3323 1379 3386 colonia
1400 3323 1536 3408 priorem

519 3440 613 3503 fuisse
647 3439 798 3503 existimo.
844 3438 946 3501 Etiam
984 3438 1137 3503 Pindarus
1172 3461 1234 3503 non
1269 3440 1359 3503 aliam
1391 3462 1535 3518 oausam,

518 3577 573 3619 our
596 3578 613 3618 e
637 3556 736 3640 patria
759 3556 893 3632 obierit,
917 3562 1083 3633 memorat,
1108 3562 1227 3641 praeter
1250 3555 1433 3621 Gnosiorum
1455 3557 1538 3620 sedi-

520 3672 646 3736 tionem.

565 3788 608 3851 Ut
631 3797 734 3852 autem
756 3789 932 3873 Hrgoteles,
957 3812 974 3853 e
997 3790 1097 3875 patria
1119 3789 1283 3875 expulsus,
1308 3790 1464 3855 Himeram
1480 3813 1536 3875 po-

519 3906 673 3969 tissimum
696 3907 891 3989 migraverit,
915 3907 1028 3973 fectum
1047 3930 1112 3971 esse
1129 3916 1230 3993 potest
1245 3914 1369 3993 propter
1383 3906 1536 3971 Theronis

519 4022 714 4106 Agrigentini
738 4024 1012 4088 necessitudinem:
1037 4024 1093 4109 qui
1116 4046 1212 4108 quum
1236 4025 1301 4109 ipse
1323 4045 1409 4087 suam
1430 4024 1536 4087 eivita-

517 4148 580 4204 tem
610 4149 745 4225 regeret,
768 4140 913 4205 Himerae
936 4142 1099 4227 imperium
1121 4141 1184 4205 filio
1207 4141 1403 4226 Thrasydaeo
1426 4144 1537 4226 permi-

517 4258 624 4334 sisset,
654 4267 811 4343 oomperta
842 4258 1069 4323 Himeronsium
1103 4258 1253 4323 seditione
1282 4260 1396 4323 multos
1426 4282 1534 4324 eorum

516 4375 645 4440 occidit:
678 4377 834 4442 civitatem
865 4398 937 4439 vero
965 4399 1000 4440 ea
1023 4400 1055 4440 re
1079 4376 1197 4442 civibus
1220 4399 1317 4463 quum
1340 4378 1457 4442 videret
1479 4402 1532 4443 es·
