3725 5542
866 714 929 774 359

396 912 568 981 Boeekhius
599 928 701 981 autem
732 916 838 981 vicisse
868 916 957 980 illum
983 915 1112 979 affimat
1134 913 1245 990 rheda,
1270 920 1399 976 certasse

394 1042 493 1099 tamen
518 1035 609 1101 etiam
633 1036 789 1121 quadrigis
813 1043 844 1101 et
867 1058 947 1122 equo
970 1034 1135 1119 singulari:
1164 1033 1249 1119 quod
1271 1033 1332 1098 nisi
1355 1033 1399 1096 ita

392 1162 487 1232 esset,
519 1156 688 1241 oportuisse
721 1155 846 1221 Poetam
877 1155 924 1220 vel
948 1154 1166 1239 quadrigarum
1190 1161 1221 1218 et
1243 1153 1315 1238 equi
1337 1153 1398 1217 sin-

390 1272 505 1357 gularis
535 1275 720 1341 mentionem
750 1276 1009 1361 praetermittere,
1038 1273 1146 1339 veliis
1169 1272 1281 1339 addere
1304 1272 1395 1337 etiam

391 1392 578 1476 pugilatum,
602 1393 737 1461 studium
761 1402 792 1459 et
814 1394 951 1479 singulas
971 1402 1106 1459 totorum
1122 1393 1267 1460 ludorum
1283 1404 1394 1478 partes.

389 1508 462 1577 Non
493 1534 549 1597 ego
579 1512 756 1598 hujusmodi
779 1514 1075 1598 argumentationem
1097 1511 1284 1598 probabilem
1308 1522 1394 1597 puto.

388 1627 426 1693 In
450 1632 581 1697 carmine
605 1631 654 1697 Ol.
679 1633 696 1697 I
723 1636 783 1697 155
809 1633 949 1699 celeritas
979 1633 1091 1717 pedum
1115 1640 1146 1697 et
1168 1633 1262 1698 robur
1284 1653 1396 1695 memo·

387 1756 486 1828 ratur,
510 1750 589 1815 nibil
612 1751 650 1817 de
673 1752 813 1819 curribus
838 1752 885 1817 vol
910 1754 997 1837 equis
1020 1752 1149 1817 dicitur:
1167 1759 1198 1815 et
1214 1761 1315 1831 tamen
1331 1758 1395 1815 erat

387 1870 534 1955 equestris
563 1872 698 1939 victoria.
747 1870 859 1939 Verum
885 1873 976 1937 etiam
1001 1872 1067 1937 sine
1089 1869 1227 1955 exemplo
1250 1869 1394 1955 intelligi·

385 2008 471 2065 mus,
503 1987 629 2053 Poetam
655 1989 831 2077 hujusmodi
855 1990 1049 2055 laudationes
1072 1990 1270 2055 certaminum
1294 1988 1392 2052 facere

384 2106 532 2171 arbitratu
556 2130 622 2172 sno.

427 2224 502 2289 Loci
533 2228 684 2291 sententia
714 2227 788 2292 haec
819 2237 882 2304 est,
907 2224 1101 2291 Psaumidem
1125 2248 1191 2289 aras
1213 2222 1390 2311 Olympicus

383 2344 546 2409 honorasse
568 2346 601 2410 in
624 2367 742 2411 summo
764 2346 861 2425 festo,
886 2368 981 2429 quum
1005 2346 1048 2411 ibi
1071 2346 1178 2447 tierent
1197 2346 1344 2410 sacrificia
1359 2355 1390 2411 et

382 2465 563 2541 certamina,
588 2488 684 2551 quum
708 2473 876 2531 certaretur
899 2464 1059 2542 onrnbus,
1083 2463 1227 2529 mulabus
1250 2475 1280 2529 et
1304 2468 1389 2551 equis

382 2582 597 2669 singularibus.
629 2584 770 2665 Quorum
793 2584 1075 2649 commemorationi
1098 2584 1299 2649 certaminum
1320 2584 1389 2649 reli·

381 2726 442 2788 qna¹
463 2706 628 2771 certamina
650 2704 762 2783 Poeta,
787 2704 813 2770 si
837 2704 991 2782 voluerat,
1015 2701 1126 2769 addere
1148 2704 1308 2789 potuisset.

425 2820 462 2885 In
493 2820 596 2893 dativo
625 2822 751 2903 ἑορτιιΐς,
785 2822 931 2908 quicum
956 2822 1180 2908 praepositione
1202 2825 1231 2887 ἐν
1254 2824 1386 2907 scriptus

328 3016 335 3040 Ι
380 2962 444 3004 esse
467 2948 601 3025 poterat,
626 2947 657 3005 et
677 2940 829 3026 significat
844 2940 947 3017 locum
963 2949 994 3005 et
1009 2941 1285 3027 opportunitatem,
1302 2941 1386 3024 hand

380 3078 450 3123 sane
474 3055 635 3122 difficultas
659 3066 714 3123 est.
740 3058 844 3125 Dativi
868 3060 1031 3137 βουθυσίαις
1055 3069 1085 3125 et
1108 3061 1253 3138 ιὶμίλλιιις
1269 3084 1287 3125 a
1301 3084 1385 3146 prae-

381 3173 530 3258 positione
560 3175 614 3243 tet
645 3175 797 3261 pendent,
830 3200 908 3261 qnae
940 3178 1093 3263 significat
1114 3180 1328 3246 sacrificiorum
1353 3189 1385 3246 et

378 3293 575 3361 certaminum
599 3316 667 3359 eum
691 3294 777 3361 festis
801 3296 1047 3381 conjunctionem
1070 3306 1101 3361 et
1123 3297 1210 3382 qnasi
1230 3298 1382 3385 quendam

377 3411 664 3507 festisadjuucturn
683 3414 877 3479 comitatum.
902 3414 953 3479 Sic
975 3414 1031 3479 Ist.
1056 3414 1103 3479 VI
1126 3418 1167 3479 aa

597 3536 703 3613 εὐχαῖς
726 3530 781 3599 ort
802 3533 967 3606 θεσπεσίαις
989 3534 1137 3612 λίσσομαι.

376 3648 501 3718 Hesiod.
526 3647 610 3723 Scut,
633 3649 724 3716 Herc.
749 3653 812 3717 278

505 3768 548 3834 rol
571 3768 624 3845 μὲν
648 3770 704 3835 dard
726 3777 848 3851 λιγυρῶν
869 3772 1015 3853 συρίγγων
1037 3770 1117 3838 bras
1140 3772 1228 3848 adlisa
1250 3813 1295 3829 -

462 3887 493 3951 al
516 3886 541 3951 l*
563 3886 617 3953 tal
640 3890 814 3970 Φιρμίγγων
836 3888 948 3969 ἄνωγον
970 3891 1055 3972 χορὸν
1076 3892 1245 3971 ἱμερόεντα·

460 4004 534 4070 ἔνθεν
556 4006 580 4070 δ’
604 4002 666 4071 αὖθ’
689 4009 804 4089 ἑτέρωθε
827 4008 878 4075 νέοι
901 4008 1033 4091 κώμαζον
1056 4010 1106 4076 ὑπ’
1129 4012 1236 4079 atne·

461 4122 541 4199 τοίγε
564 4124 619 4201 μὲν
641 4122 680 4191 ari
703 4125 853 4207 παίζοντες
876 4128 925 4192 ὑπ’
948 4130 1082 4210 ὀρχηθμῷ
1105 4129 1154 4193 aci
1176 4129 1272 4210 ἀοιδῇ,

459 4241 542 4317 τοίγε
563 4243 616 4319 μὲν
640 4240 678 4309 ad
699 4245 857 4321 γελόωντες
881 4246 930 4309 ὑπ’
952 4248 1091 4326 ιιύλιρτῆρι
1112 4244 1244 4318 ἕκαστος.

373 4356 435 4421 Ubi
458 4357 594 4428 dativum
617 4371 647 4427 et
670 4365 837 4449 genitivum
859 4366 1062 4432 communiter
1076 4368 1210 4455 positum
1226 4367 1374 4434 videmus.

373 4475 456 4543 Plut.
488 4477 604 4567 Poplio.
637 4480 665 4545 X
698 4483 752 4549 ὑπὸ
780 4484 894 4567 ῥάβδοις
925 4485 995 4562 ὂμιιῦ
1025 4486 1137 4557 adcon
1167 4486 1374 4552 calceatam
