3725 5542
937 727 1002 789 260

461 930 615 1017 epitheto,
640 926 724 1012 quod
748 927 810 992 aeri
833 926 999 1004 tribuitur,
1023 925 1110 990 velut
1132 925 1226 990 Hom.
1242 924 1282 990 Π.
1299 924 1396 989 XVII
1412 928 1477 989 592

460 1048 658 1131 κεκορυθμένος
681 1047 777 1113 ettam
799 1048 918 1127 χαλκῷ.

507 1172 537 1230 4.
574 1172 704 1237 Πλοῦτος
735 1165 927 1249 significatur
950 1162 1090 1248 supellex
1113 1163 1263 1247 pretiosa,
1287 1163 1416 1228 κτέοινοιι
1448 1164 1481 1226 cl

459 1285 510 1349 Ol.
542 1284 594 1347 IlI
627 1286 687 1361 75,
716 1282 768 1346 Ol.
793 1282 857 1345 VII
884 1285 913 1347 7.
950 1280 1145 1367 Adjectirum
1168 1280 1306 1362 μεγάνυρ
1327 1302 1392 1344 ιιοιι
1415 1280 1477 1344 alio

458 1405 641 1488 cujusquam
664 1403 820 1487 scriptoris
844 1401 912 1465 loco
935 1424 985 1464 me
1008 1400 1109 1485 legere
1134 1400 1270 1464 memini.
1318 1399 1478 1464 Praeclare

458 1522 584 1585 omnino
608 1521 647 1586 de
670 1521 786 1585 divitiis
810 1521 907 1585 sensit
923 1518 1092 1597 Pindarus,
1117 1541 1196 1603 quae
1211 1518 1379 1583 multarum
1395 1541 1477 1605 mag-

459 1662 629 1724 narumque
660 1661 762 1704 rerum
795 1638 973 1705 facultatem
1005 1639 1171 1725 praebeant
1200 1648 1232 1702 et
1261 1638 1300 1702 ad
1332 1639 1477 1702 eximium

460 1780 551 1821 usum
576 1758 723 1823 incitent:
748 1758 780 1823 cl'
799 1756 850 1822 Ol.
876 1757 910 1821 II
934 1760 988 1822 96.
1033 1757 1103 1821 Hoc
1125 1770 1227 1821 tamen
1251 1755 1319 1820 loco
1342 1764 1478 1821 tantum·

459 1876 550 1941 modo
574 1877 675 1962 ipsum
699 1877 900 1961 magnificum
923 1874 1115 1960 splendorem
1140 1875 1305 1959 significari
1328 1872 1430 1938 credo.

505 1998 535 2059 5.
571 1994 754 2080 Praeposuit
775 1994 873 2059 Poeta
893 2016 990 2079 aqnae
1005 1994 1134 2079 aurique
1150 1992 1387 2079 praestantiam,
1405 2014 1476 2057 com

459 2136 494 2176 ea
524 2121 757 2197 comparaturus
789 2118 943 2177 certamen
975 2110 1191 2197 Olympicum:
1220 2134 1326 2175 verum
1350 2112 1414 2196 jam
1437 2109 1477 2173 ad

459 2232 604 2315 majorem
635 2230 892 2316 comparationem
925 2231 1024 2295 fertur
1054 2229 1129 2293 solis
1158 2228 1275 2314 ipsius,
1306 2228 1361 2311 qui
1391 2226 1477 2291 solus

459 2348 542 2412 lucet
573 2349 727 2427 interdiu,
760 2349 874 2433 fugatis
906 2372 923 2412 e
954 2356 1123 2433 conspectu
1154 2347 1306 2412 sideribus
1329 2345 1475 2430 reliquis:

458 2464 489 2529 id
513 2466 595 2529 enim
619 2474 663 2529 est
688 2467 777 2545 ἐρήμη
801 2467 900 2545 αἰθήρ,
925 2486 1056 2529 vacuum
1078 2464 1231 2529 sideribus
1254 2462 1386 2529 coelum.

507 2586 556 2647 13.
593 2582 754 2648 Certamen
783 2581 999 2668 Olympicum,
1022 2583 1094 2646 Jovi
1116 2591 1345 2660 consecratum,
1367 2581 1475 2645 lovem

458 2724 566 2765 canere
593 2701 700 2787 jubet:
733 2700 784 2766 Ol.
817 2701 851 2764 Π
883 2706 904 2765 4
935 2700 996 2778 ἦτοι
1027 2702 1107 2766 Πίου
1135 2701 1190 2779 μὲν
1221 2701 1300 2774 Διός.
1347 2700 1477 2765 Carmen

458 2820 678 2905 circumjicitur
708 2818 853 2884 cordibus
884 2820 1088 2905 sapientium,
1120 2820 1141 2883 i.
1172 2842 1199 2883 e.
1231 2826 1412 2905 memnoni,
1441 2825 1478 2880 nt

459 2958 565 3001 eornm
593 2937 686 3002 corda
709 2938 741 3001 id
765 2936 852 3021 qnasi
876 2936 1023 3015 audiant,
1047 2938 1068 3001 i.
1092 2960 1119 3001 e.
1143 2944 1180 3001 ut
1203 2936 1261 3022 ipsi
1284 2938 1352 3023 ejus
1375 2934 1479 3000 memi-

459 3056 571 3119 nerint.
614 3058 725 3134 ’Τμνος
756 3064 861 3119 autem
891 3054 923 3120 h.
955 3055 976 3119 l.
1011 3055 1133 3141 proprie
1164 3055 1317 3139 significat
1338 3054 1372 3117 id
1395 3053 1477 3138 qood

458 3173 628 3237 canendum
647 3180 711 3250 est,
728 3172 872 3237 carminis
888 3174 1063 3237 materiem:
1081 3172 1126 3236 sic
1141 3173 1234 3237 etiam
1249 3171 1333 3256 apud
1346 3171 1479 3256 Aeschy-

459 3291 542 3369 lum,
568 3290 706 3376 Gboeph.
731 3294 806 3356 475.
844 3290 901 3355 Est
922 3292 950 3355 is
973 3292 1108 3376 hymnus
1131 3292 1234 3376 ipsum
1256 3290 1391 3355 κελαδεῖν
1411 3288 1478 3369 Κοο

459 3432 506 3473 νου
537 3408 644 3475 narba.
690 3417 792 3483 Μῆτιξ
820 3408 859 3473 de
889 3408 982 3472 corde
1004 3418 1112 3493 poetae
1134 3409 1227 3472 etiem
1250 3407 1366 3471 dicitur
1387 3404 1478 3469 Nem.

463 3524 515 3589 III
541 3529 592 3591 15.
629 3525 709 3590 Cum
732 3534 798 3589 tota
821 3534 924 3591 autem
947 3526 1042 3611 hujus
1065 3525 1126 3591 loci
1148 3526 1283 3590 dictione
1306 3533 1338 3589 et
1360 3530 1481 3589 senten·

463 3644 507 3708 tia
530 3645 706 3709 conferatur
728 3643 818 3709 Nem.
843 3642 909 3708 VII
934 3647 986 3709 16.

508 3766 561 3827 16.
596 3763 750 3841 ἱκομλνους.
797 3762 922 3827 'lbansit
952 3763 1052 3827 oratio
1083 3761 1210 3847 perinde
1238 3762 1323 3825 acsi
1346 3781 1481 3846 praeces

460 3883 550 3946 sisset
572 3889 687 3961 σοφοῖς,
711 3881 795 3965 quod
819 3880 896 3945 latet
917 3881 951 3944 in
973 3886 1071 3963 σοφῶν
1091 3882 1238 3959 μητίεσσι.
1278 3880 1480 3944 Accusatirus

461 4007 562 4064 autem
601 3999 634 4064 in
668 3998 846 4085 hujusmodi
877 4000 1034 4078 oratione,
1066 3998 1267 4064 antecedente
1297 3998 1359 4062 alio
1388 4019 1480 4077 casu,

464 4140 607 4203 persaepe
638 4118 712 4203 poni
743 4116 838 4182 solet:
873 4118 918 4182 sic
947 4116 1004 4203 Py.
1035 4116 1071 4181 H
1101 4120 1143 4181 41
1174 4117 1288 4197 βροτοῖς
1314 4115 1414 4193 λέγειν
1435 4152 1482 4165 -

463 4236 666 4317 ἐποιχομένους
697 4236 835 4301 riveriae.
881 4235 1025 4319 Xenopb.
1058 4235 1159 4300 Anab.
1190 4234 1228 4300 L.
1255 4234 1309 4299 ΠΙ
1337 4233 1373 4299 Ο.
1400 4233 1479 4299 112

463 4352 556 4429 θοξεν
579 4358 677 4426 αὐτοῖς
703 4392 747 4404 -
762 4358 1016 4431 καταστήσαντος
1031 4361 1204 4432 συγκαλεῖν.
1228 4354 1363 4440 Copulat
1377 4362 1480 4418 autem

464 4468 576 4547 Poeta,
613 4479 774 4555 postquam
810 4470 896 4535 Joris
927 4471 1086 4547 meminit,
1118 4492 1188 4534 cnm
1219 4468 1286 4533 Deo
1316 4469 1480 4546 victorem,
