3725 5542
831 730 894 791 223

359 934 414 992 est
460 928 564 994 Habet
593 928 733 994 miseram
759 928 844 994 illam
867 950 1141 1013 aerumnosamque
1163 929 1275 1006 vitam,
1300 950 1368 993 cum

359 1046 460 1110 tribus
490 1052 634 1129 quartum
665 1046 817 1124 laborem,
842 1048 914 1131 quia
945 1045 1124 1130 aequalibus
1157 1046 1293 1111 convivis
1315 1048 1370 1111 im·

360 1163 536 1228 mortalium
567 1172 671 1228 nectar
697 1164 939 1247 ambrosiamque
970 1163 1091 1228 furatus
1121 1163 1225 1240 dedit,
1257 1164 1369 1248 quibus
1408 1163 1468 1223 100

362 1281 464 1367 ipsam
495 1281 712 1345 immortalem
731 1280 902 1345 effecerant.
948 1280 982 1345 Si
1012 1281 1081 1364 quis
1112 1280 1207 1345 bomo
1234 1282 1372 1345 commit

362 1406 430 1461 tans
455 1397 572 1481 aliquid
597 1420 629 1462 se
653 1398 754 1462 Deum
777 1398 871 1461 latere
894 1404 1002 1482 putat,
1027 1406 1117 1461 errat.
1142 1397 1261 1462 Idcirco
1278 1397 1371 1462 demi·

362 1524 469 1580 serunt
491 1516 591 1580 filium
611 1517 678 1600 ejus
695 1515 879 1580 immortales
897 1538 1004 1580 rursus
1021 1515 1060 1580 ad
1076 1517 1143 1579 aeri
1158 1515 1257 1580 brevis
1273 1538 1371 1601 genna

363 1633 533 1698 hominum.
579 1632 685 1713 Quum
715 1655 786 1698 vero
813 1634 942 1699 florente
972 1633 1177 1697 adolescentia
1205 1633 1320 1718 lanugo
1344 1634 1371 1698 ei
1491 1682 1495 1689 .

362 1750 487 1835 nigrum
509 1758 646 1815 mentum
671 1758 805 1835 tegeret,
829 1760 969 1837 paratum
992 1751 1140 1835 cogitavit
1163 1750 1274 1815 habere
1302 1772 1372 1814 con·
1411 1747 1472 1807 llll

359 1868 483 1951 jugium
514 1876 641 1952 epatre
665 1867 785 1947 Pisata,
810 1867 976 1952 gloriosam
999 1867 1247 1953 Hippodamiam.
1272 1868 1372 1953 Prope

365 1984 488 2049 veniens
519 1984 557 2047 ad
581 2007 663 2049 mare
687 1984 861 2049 caeruleum
885 1985 971 2049 solus
992 1986 1025 2049 in
1049 1984 1183 2049 tenebris
1206 1984 1373 2071 appellarit

363 2102 495 2187 graviter
518 2109 678 2167 sonantem
700 2102 966 2187 Tridentigerum:
991 2102 1042 2166 hic
1065 2103 1092 2165 ci
1109 2103 1287 2187 antepedes
1303 2125 1375 2167 con·

362 2220 451 2283 tinne
482 2220 633 2304 apperuit.
681 2218 763 2283 Huic
793 2219 863 2285 ille:
888 2219 1029 2305 jucunda
1050 2219 1148 2297 dona,
1172 2219 1292 2303 inquit,
1317 2219 1372 2303 cy·
1411 2218 1472 2277 120

364 2336 460 2421 pridie
491 2359 547 2421 age
578 2336 605 2400 si
636 2336 714 2420 qut,
739 2336 902 2422 Neptune,
927 2338 1177 2421 gratiosaaunt,
1202 2336 1373 2400 111111111-

366 2461 428 2517 tam
459 2452 610 2519 Oenomai
640 2476 782 2531 aeneam,
814 2478 863 2519 me
893 2476 966 2519 vero
988 2454 1021 2518 in
1044 2454 1210 2518 celerrimis
1233 2453 1373 2518 curribus

365 2570 425 2635 duc
456 2571 488 2635 11
518 2570 638 2636 Elidem
668 2579 698 2635 et
721 2571 820 2637 adduc
844 2572 883 2636 ed
906 2573 1076 2637 victoriam.
1123 2571 1203 2637 Nam
1227 2571 1373 2637 tredecim

366 2687 490 2771 quidem
522 2688 595 2752 viris
626 2688 801 2773 amantibus
825 2690 932 2753 occisis
956 2689 1057 2753 differt
1080 2690 1258 2775 conjugium
1281 2689 1373 2753 filiae.

363 2806 513 2890 Magnum
545 2804 715 2890 periculum
747 2828 808 2870 non
841 2806 924 2891 capit
954 2806 1054 2870 virum
1081 2805 1244 2870 imbellem.
1292 2805 1372 2869 Mori
1413 2800 1472 2861 130

363 2923 477 3007 quibus
508 2945 629 2987 necesse
660 2930 724 3001 eut,
757 2944 850 3008 quare
881 2924 951 3007 quis
978 2923 1141 3007 inglorium
1164 2932 1318 2988 senectam
1340 2925 1371 2987 in

363 3038 496 3104 tenebris
527 3038 636 3103 sedens
663 3039 776 3103 frustra
797 3047 988 3123 concoquat,
1013 3038 1140 3105 laudum
1163 3041 1301 3104 omnium
1324 3062 1374 3103 ex·

364 3156 455 3242 pers?
485 3156 538 3221 sed
570 3178 627 3241 ego
658 3156 716 3220 hoc
747 3164 899 3221 certamen
930 3156 1060 3235 subibo,
1093 3166 1128 3221 to
1155 3180 1226 3221 vero
1253 3157 1372 3222 felicem

364 3294 538 3338 successum
555 3274 603 3339 do.
639 3272 689 3337 Sic
705 3274 801 3339 dixit:
819 3296 919 3357 neque
935 3275 1055 3339 irritam
1070 3276 1237 3340 orationem
1255 3298 1374 3359 aggres-

364 3413 415 3454 sus
439 3399 495 3456 est.
541 3391 636 3456 Illum
660 3392 813 3457 honorans
836 3392 921 3457 Deus
945 3392 1032 3459 dedit
1054 3394 1083 3458 ei
1102 3416 1227 3457 currum
1245 3415 1373 3457 aureum
1409 3388 1471 3448 110

365 3507 482 3593 alisque
505 3508 673 3573 indefessos
697 3530 801 3593 equos.
848 3508 940 3595 Cepit
964 3508 1157 3575 Oenomaum
1179 3511 1288 3574 fortem
1316 3510 1374 3573 vir·

364 3626 527 3709 giuemque
557 3628 735 3711 conjugem:
768 3648 802 3690 ac
833 3627 953 3712 peperit
982 3627 1062 3692 filios
1094 3650 1164 3704 sex,
1189 3627 1373 3711 populorum

365 3741 475 3820 duces,
507 3743 562 3827 qui
585 3743 751 3808 virtutibus
775 3766 865 3808 curae
888 3744 1024 3809 fuerunt.
1071 3743 1164 3810 Nunc
1187 3767 1258 3809 vero
1282 3746 1374 3829 parti·

365 3881 436 3945 ceps
475 3868 520 3924 cst
559 3859 736 3925 inferiarum
767 3860 961 3946 pulcrarum,
994 3865 1112 3946 positus
1140 3864 1230 3947 juxta
1260 3862 1374 3947 Alphei

366 3976 499 4055 flumen,
528 3977 681 4041 tumulum
706 3977 793 4041 aditu
816 3977 966 4043 celebrem
989 3978 1104 4044 habens
1123 3980 1213 4063 juxta
1236 3978 1375 4061 frequen·
1411 3968 1473 4029 150

365 4095 513 4159 tissimum
545 4094 719 4181 hospitibus
743 4118 836 4160 aram.
882 4094 924 4158 Et
947 4119 964 4159 e
986 4096 1156 4180 longinquo
1179 4095 1262 4160 lucet
1277 4094 1376 4179 gloria

365 4210 488 4295 Pelopis
504 4211 538 4275 in
554 4210 773 4296 Olympiodum
789 4212 913 4291 stadiis,
930 4213 984 4277 ubi
1000 4212 1138 4277 celeritas
1151 4212 1265 4297 pedum
1278 4219 1375 4276 certat

367 4351 402 4393 11
424 4330 554 4393 maxima
579 4328 689 4392 virium
712 4329 879 4394 fortitudo:
904 4329 1002 4393 victor
1024 4350 1095 4394 vero
1118 4330 1150 4393 in
1174 4330 1376 4413 reliquavita

367 4444 458 4509 babet
489 4444 698 4509 dulcissimam
718 4446 945 4530 jucunditatem
969 4454 1093 4532 propter
1116 4449 1257 4532 praemia.
1281 4445 1374 4525 Quod
