3725 5542
1011 690 1075 749 528

534 884 635 948 stadio
666 885 774 949 vicisse
796 894 963 964 memorat,
988 894 1020 950 et
1042 886 1211 971 Dionysius
1234 885 1335 950 Halic.
1383 884 1421 949 L
1444 884 1491 949 IX
1517 909 1548 969 p.

443 1056 449 1071 ,
533 1004 617 1079 455,
640 1002 674 1065 in
697 1001 771 1065 edit.
794 1001 879 1086 Sylb.
904 1004 988 1079 617,
1014 1003 1067 1086 qui
1091 1024 1157 1067 eam
1173 1000 1391 1087 Olympiadem
1406 1001 1444 1067 de
1459 1001 1546 1065 illius

533 1119 661 1182 victoria
690 1120 844 1183 nominat:
876 1127 909 1184 at
938 1120 972 1184 in
1003 1119 1197 1185 nominandis
1228 1118 1466 1204 Olympiadibns
1498 1118 1545 1183 illi

531 1236 761 1300 commemorari
783 1236 902 1315 solent,
925 1237 981 1320 qui
1003 1238 1101 1301 vicere
1124 1236 1235 1301 stadio.
1269 1236 1312 1301 Et
1331 1258 1479 1301 numerus
1493 1236 1545 1299 hic

531 1353 623 1417 etiam
644 1353 799 1438 repositus
821 1362 869 1417 est
890 1352 974 1438 apud
989 1353 1189 1431 Pausaniam,
1206 1353 1244 1417 L.
1260 1353 1308 1417 IV
1323 1353 1359 1417 O.
1376 1352 1486 1417 XXIV
1504 1357 1542 1431 2,

531 1469 586 1536 ubi
608 1469 696 1534 aliter
717 1476 784 1534 erat
804 1472 954 1555 scriptum
976 1471 1009 1535 in
1032 1470 1200 1537 codicibus.
1234 1470 1335 1537 Patris
1356 1473 1422 1556 ejus
1437 1470 1544 1555 Olym-

532 1586 584 1671 pia
605 1587 732 1651 victoria
754 1588 847 1652 etiam
869 1608 963 1651 curan
984 1595 1138 1673 reportata
1153 1588 1230 1666 fuit,
1245 1610 1317 1653 nam
1334 1610 1367 1651 vs
1383 1590 1425 1651 48
1441 1588 1541 1665 aera

530 1706 623 1769 ποδῶν
652 1704 844 1791 appellatur,
875 1705 930 1770 sed
962 1728 998 1769 ea
1020 1713 1074 1769 aut
1097 1706 1157 1770 alia
1178 1704 1363 1791 Olympiade
1386 1706 1464 1783 init,
1486 1714 1543 1769 aut

530 1819 628 1886 diauli
649 1821 727 1898 fuit,
750 1822 800 1887 vel
822 1821 956 1899 dolicbi,
980 1822 1029 1886 vel
1052 1844 1160 1887 cursus
1183 1824 1215 1886 in
1239 1824 1348 1900 armis,
1370 1823 1418 1887 vel
1432 1844 1543 1887 cursim

529 1939 562 2002 in
596 1940 718 2023 pueris:
755 1938 1006 2023 quandoquidem
1040 1938 1124 2023 apud
1158 1939 1328 2005 Eusebium
1359 1938 1543 2023 Olympiade

528 2054 672 2119 LXVIII
702 2058 802 2121 victor
829 2054 931 2120 stadio
963 2056 1093 2121 refertur
1115 2056 1209 2121 fuisse
1233 2057 1412 2121 Iaomacbus
1435 2056 1543 2121 Orcto

529 2175 631 2251 uiata,
654 2173 800 2258 idemque
823 2171 1007 2258 Olympiade
1030 2174 1220 2259 insequente
1256 2172 1298 2238 Et
1320 2172 1462 2257 equidem
1478 2174 1543 2237 lere

528 2289 705 2367 credidero,
741 2292 767 2354 si
802 2298 924 2354 tantum
959 2290 1019 2355 luit
1053 2292 1198 2376 temporis
1233 2290 1430 2355 intervallum
1460 2292 1544 2355 inter

526 2409 622 2494 patria
650 2408 808 2472 victoriam
838 2416 870 2471 et
901 2408 975 2487 tilii,
1008 2409 1103 2472 fnisse
1133 2408 1218 2472 illam
1248 2408 1373 2492 quidem
1403 2424 1544 2493 apuero

526 2532 724 2612 reportatam.

569 2642 701 2707 Orditnr
722 2642 820 2707 Poeta
842 2642 1034 2727 praeclarum
1057 2664 1179 2706 carmen
1203 2664 1222 2705 a
1245 2642 1368 2705 victoris
1390 2641 1483 2705 domo
1509 2654 1544 2705 et

523 2760 605 2824 clara
620 2761 721 2846 patria
734 2759 904 2824 laudanda:
919 2759 1060 2843 justitiae
1076 2758 1130 2822 illa
1146 2758 1306 2835 laudibus,
1319 2757 1463 2823 ludorum
1477 2758 1543 2823 ric-

522 2879 626 2956 toriia,
650 2879 763 2941 artium
787 2876 1019 2941 inventionibus
1042 2876 1193 2962 bellisque
1215 2876 1398 2961 conspicua:
1419 2878 1542 2940 1-83.

523 2994 634 3059 Preces
650 2994 689 3058 ad
703 2994 811 3057 vaam
827 3001 953 3079 propter
970 2992 1154 3057 Corinthum
1170 3000 1203 3057 et
1217 2994 1379 3068 victorem,
1393 2994 1542 3057 84-41.

523 3112 645 3177 Eximia
666 3112 790 3176 victoris
812 3118 845 3175 ct
867 3133 946 3195 qnae
969 3110 1034 3175 sine
1055 3110 1195 3195 exemplo
1216 3118 1281 3175 erat
1296 3108 1458 3195 Olympiae
1472 3111 1544 3195 glo-

522 3231 569 3294 ria
597 3237 631 3295 et
658 3229 795 3314 reliquae
821 3227 929 3293 laudes
952 3230 1019 3313 ejus
1041 3228 1074 3292 iu
1098 3228 1202 3305 ludis,
1226 3230 1369 3293 42-41.
1412 3226 1541 3293 Laudes

519 3345 657 3411 ludicrae
687 3346 783 3431 patria
814 3347 901 3430 ejus,
932 3348 1085 3423 48-56,
1117 3354 1149 3410 et
1172 3344 1302 3409 aliorum
1325 3346 1427 3429 gentis
1450 3347 1539 3430 ejus,

520 3467 664 3530 57-66.
711 3464 851 3547 Antiqua
883 3461 1026 3526 Corinthi
1049 3462 1147 3546 gloria
1170 3462 1284 3525 artium
1307 3470 1339 3525 et
1361 3460 1537 3539 bellorum,

520 3582 670 3646 or-ra:
694 3579 863 3665 Sisyphus,
889 3581 1040 3645 72-74ε
1066 3578 1193 3655 Medea,
1213 3581 1361 3643 74-77ε
1378 3578 1485 3641 huces
1501 3580 1538 3643 iu

518 3705 650 3782 utraque
681 3698 746 3761 acie
776 3698 810 3761 in
841 3696 923 3762 bello
945 3696 1096 3781 Trojano,
1122 3698 1270 3761 78-83:
1295 3695 1451 3773 Glaucus,
1475 3693 1540 3761 Oo-

517 3814 623 3879 riutho
646 3814 816 3892 oriundus,
841 3816 984 3878 88-88.
1024 3813 1296 3898 Bellerophontes,
1320 3812 1454 3877 Palladis
1474 3836 1538 3898 cpe

517 3930 652 3995 domitor
674 3930 802 4015 Pegasi,
826 3932 925 3995 victor
948 3934 1155 4011 Amazonum,
1179 3929 1374 4009 Chimaerae,
1395 3930 1538 4015 Solymo

516 4070 604 4113 rum:
635 4046 772 4131 Pegasus
798 4049 831 4112 iu
854 4046 990 4134 Olympo
1012 4058 1170 4133 receptus:
1197 4050 1361 4111 89-182.
1407 4046 1537 4113 laudes

514 4165 712 4242 innumerae,
735 4187 813 4249 quaa
835 4187 873 4230 ea
891 4165 1110 4230 certaminibus
1125 4166 1208 4229 nacti
1224 4174 1300 4229 sunt
1314 4164 1537 4250 Xenophontis

513 4281 643 4346 tribules
681 4280 911 4367 Oligactbidae:
952 4284 1137 4347 leo-162.
1184 4281 1295 4347 Preces
1329 4282 1368 4345 ad
1400 4281 1537 4363 vacm,
1673 4342 1674 4371 3

517 4400 704 4464 loa-165.
811 4410 815 4415 '
1673 4430 1674 4439 κ
