3725 5542
976 715 1040 775 298

495 910 599 988 fratri,
632 912 687 995 qui
710 920 897 977 memoratur
920 935 955 976 vs
979 916 1032 976 89.
1079 912 1201 993 Quodsi
1220 914 1284 998 jam
1307 924 1395 991 tum,
1419 936 1516 997 quum

496 1027 648 1093 Pindarus
679 1029 737 1093 hoc
768 1052 890 1095 carmen
922 1031 1086 1108 scriberet,
1110 1053 1163 1095 cae
1185 1030 1296 1096 turbas
1318 1030 1454 1095 'lberoni
1477 1030 1514 1094 ab

495 1144 631 1210 Hierone
663 1156 763 1211 motae
794 1148 939 1226 fuerunt,
964 1169 1042 1233 quas
1064 1150 1249 1225 memoravi,
1274 1157 1306 1212 ct
1328 1147 1516 1233 Thrasydaei

495 1262 660 1327 crudelitas
691 1264 724 1329 in
756 1274 895 1349 apertum
930 1266 1159 1331 Himerensium
1182 1265 1289 1331 odium
1312 1266 1433 1349 erupit,
1457 1266 1516 1329 for-

494 1386 576 1444 tasse
599 1380 692 1445 tacite
715 1382 764 1445 his
789 1382 931 1467 precibus
954 1383 1081 1449 inclusit
1102 1383 1199 1447 Poeta
1217 1383 1343 1447 illorum
1362 1382 1514 1447 malornm
1570 1424 1573 1427 -

494 1500 787 1565 averruncationem.
823 1500 1006 1566 Xenocratis
1028 1501 1154 1585 quidem
1170 1502 1269 1565 lilium
1284 1500 1512 1586 Thrasybulum

493 1617 631 1702 impense
650 1617 804 1697 laudarit,
825 1618 881 1704 Py.
898 1617 961 1696 VI,
977 1619 1056 1683 Isth.
1074 1618 1119 1683 Π.
1135 1618 1230 1683 Pacta
1245 1619 1372 1702 quidem
1387 1640 1424 1683 ea
1439 1626 1515 1682 sunt

492 1736 627 1801 carmina
650 1737 746 1820 prius.
782 1735 903 1816 Quodsi
923 1737 1052 1801 fortasse
1071 1736 1110 1802 ab
1126 1738 1254 1802 ineunte
1269 1746 1369 1801 aetate
1384 1736 1515 1822 Thrasy-

493 1852 588 1917 daeus
606 1854 671 1938 jam
692 1855 849 1939 praesagia
872 1855 1015 1939 praebuit
1036 1855 1104 1941 ejus
1125 1854 1280 1932 malitiae,
1304 1876 1384 1939 quae
1408 1860 1514 1939 postea

494 1971 650 2056 apparuit,
667 1971 732 2035 lieri
748 1980 863 2056 potest,
882 1982 917 2036 ut
932 1972 1118 2056 Thrasybuli
1133 1972 1273 2057 exemplo
1291 1971 1513 2036 etlaudations

494 2088 723 2174 Thrasydaeum
746 2112 866 2155 movere
890 2099 921 2155 et
944 2090 983 2153 ad
1007 2092 1152 2155 virtutem
1174 2110 1316 2154 revocare
1339 2089 1483 2154 voluerit.

541 2212 594 2274 29.
627 2216 684 2275 τῶν
706 2209 736 2273 δὲ
759 2210 976 2291 πεπραγμένων
996 2234 1025 2276 κ.
1046 2235 1075 2275 τ.
1096 2225 1126 2274 λ.
1161 2208 1267 2273 Refert
1290 2208 1365 2271 haec
1388 2206 1513 2271 Karste-

493 2327 564 2391 nius
587 2326 627 2391 ad
650 2329 827 2412 sequentia,
853 2336 889 2392 ut
912 2328 1013 2413 posita
1034 2328 1098 2391 sint
1120 2325 1160 2390 ad
1184 2324 1425 2410 praeparandam
1445 2346 1513 2388 nar·

492 2446 642 2510 rationem
666 2444 705 2511 de
729 2447 828 2531 prisca
850 2447 974 2511 victoria
997 2453 1099 2530 gente.
1138 2443 1249 2527 Neque
1270 2442 1305 2507 id
1327 2464 1417 2527 nego.
1451 2442 1512 2506 Sed

495 2562 534 2627 ad
565 2563 778 2649 praecedentia
807 2586 930 2648 quoquc
954 2564 1106 2647 pertinere
1129 2561 1207 2625 mihi
1230 2560 1383 2625 videntur.
1430 2559 1512 2624 Nam

492 2680 642 2747 Theronis
665 2682 809 2767 majores,
832 2682 932 2746 multa
956 2702 1131 2765 perpessos,
1154 2679 1259 2742 sedem
1282 2686 1315 2743 ct
1333 2677 1511 2741 felicitatem

422 2845 427 2853 -
493 2798 646 2863 invenisse
676 2799 773 2878 dixit,
805 2800 935 2885 ejusque
960 2799 1026 2882 jam
1052 2796 1208 2861 felicitatis
1232 2796 1470 2881 perpetuitatem
1493 2816 1512 2857 a

492 2915 568 2981 Jove
592 2924 734 3001 precatus
758 2926 818 2979 est:
843 2914 958 3000 quibus
982 2914 1124 2999 precibus
1143 2914 1326 2977 sententiam
1347 2912 1427 2976 hanc
1441 2910 1513 2975 sub·

489 3034 612 3119 jungit,
645 3042 802 3119 praesente
832 3033 997 3109 felicitate,
1021 3032 1047 3095 si
1071 3054 1138 3095 eam
1160 3030 1285 3115 Jupiter
1307 3029 1448 3093 stabilem
1471 3028 1513 3092 ef·

492 3151 590 3228 liciat,
611 3152 749 3236 priorum
769 3151 921 3215 malorum
938 3150 1125 3214 oblivionem
1140 3149 1205 3214 lieri
1220 3148 1408 3231 significans.
1430 3145 1511 3209 'lbum

473 3268 591 3353 magis
615 3269 789 3333 universam
814 3276 844 3332 et
867 3268 1037 3352 graviorem
1060 3268 1153 3331 etiam
1176 3266 1360 3329 seutentiam
1381 3263 1510 3349 profert,

491 3384 588 3449 deleri
610 3386 690 3450 mals
712 3386 837 3450 sublimi
858 3386 997 3449 fortuna:
1021 3392 1116 3467 atque
1131 3382 1205 3447 inde
1220 3383 1331 3446 transit
1346 3381 1383 3445 ad
1401 3380 1511 3445 Cadmi

490 3506 587 3583 filias,
623 3528 660 3569 ex
692 3528 824 3590 quarum
854 3512 947 3589 gente
976 3504 1037 3588 ipsi
1067 3501 1219 3566 Theronis
1249 3502 1379 3586 majorca
1409 3506 1512 3564 essent

492 3622 655 3708 progeniti.
703 3622 768 3687 Has
800 3622 897 3707 igitur
925 3621 1129 3695 interserens,
1153 3617 1272 3703 duplici
1294 3638 1422 3681 munere
1444 3617 1513 3681 fun·

491 3740 592 3826 gitur:
616 3739 731 3816 altero,
756 3748 793 3803 ut
814 3738 914 3823 ipsam
938 3738 1056 3822 priscae
1079 3736 1230 3800 Theronis
1252 3735 1355 3820 gentis
1378 3742 1513 3799 vetusta·

490 3864 554 3923 tem
576 3856 727 3921 illustret:
751 3856 863 3933 altero,
888 3865 926 3919 ut
948 3854 1013 3939 ejus
1037 3853 1199 3917 uetustatis
1222 3852 1371 3938 exemplis
1391 3860 1511 3916 senten·

491 3976 566 4040 tiam
590 3997 674 4051 eam,
699 3996 789 4059 quam
815 3974 994 4060 proposuit,
1019 3972 1189 4036 confirmet.

537 4094 590 4157 36.
626 4094 816 4170 πκλίγκοτον.
855 4090 966 4155 Aesoh.
991 4090 1101 4175 Agam.
1123 4091 1186 4153 571
1206 4090 1315 4164 ἀλγεῖν
1332 4089 1430 4167 τύχης
1450 4110 1511 4149 πα·

490 4210 638 4287 cosdroe.
685 4208 766 4275 Ibid.
793 4210 856 4272 863
881 4208 1023 4283 κληδόνας
1046 4207 1256 4284 παλιγκότους.

538 4330 592 4392 87.
627 4330 689 4393 θεοῦ
712 4334 809 4407 μοῖραι.
844 4327 970 4404 Postea,
996 4329 1055 4403 65,
1078 4332 1167 4405 μοῖραι
1185 4324 1368 4409 simpliciter
1381 4323 1507 4388 dicitur.

494 4443 583 4515 Cous.
608 4445 646 4518 de
670 4444 796 4511 Pindari
818 4444 994 4531 Sapientia,
1017 4442 1122 4529 Caput
1144 4442 1160 4506 Ι
1182 4445 1200 4528 t
1223 4444 1254 4506 5.
1278 4464 1348 4527 pag.
1374 4444 1426 4507 27.
