3725 5542
993 741 1057 802 492

516 939 645 1005 Anthol.
676 938 731 1003 Gr.
761 938 809 1002 XI
838 941 880 1002 81
912 938 996 1018 apta
1025 940 1166 1020 οτιιφελῷ
1194 946 1279 1016 κῦμα
1302 943 1366 1022 περὶ
1389 944 1535 1025 σκοπέλῳ.

516 1057 578 1121 Hic
592 1057 697 1141 magni
712 1056 853 1121 clamoris
869 1056 1054 1139 significatio
1070 1057 1161 1121 etiam
1178 1066 1308 1142 angatur
1323 1059 1429 1124 addito
1443 1060 1536 1138 ίοθιον.

563 1175 639 1237 164.
672 1172 832 1249 δοιμονίοις.
866 1172 960 1237 Recte
983 1173 1015 1237 in
1040 1173 1191 1238 veteribus
1215 1175 1339 1239 scholiis
1361 1178 1424 1259 θείᾳ
1438 1180 1536 1259 μοίρᾳ.

516 1288 584 1353 Nec
613 1290 727 1353 trustra
758 1289 863 1354 denno
895 1289 970 1352 haec
998 1290 1132 1354 maxime
1159 1290 1227 1355 lans
1250 1292 1398 1358 tribuitur
1421 1294 1539 1379 Ephsr·

515 1416 631 1483 mosto,
663 1414 825 1491 postquam
855 1406 947 1470 modo
971 1406 1095 1471 laudata
1118 1418 1165 1472 est
1188 1417 1317 1474 naturas
1340 1412 1536 1495 praestantia.

514 1523 553 1587 In
584 1546 648 1588 ono
677 1532 781 1588 sutem
802 1531 905 1587 vetere
927 1523 1045 1587 scholio
1069 1531 1116 1587 est
1137 1525 1289 1608 δαιμονίᾳ,
1312 1528 1409 1591 λείοιει
1431 1528 1535 1609 palpa:

516 1650 547 1705 et
576 1642 609 1705 in
640 1641 756 1705 Aldina
785 1648 817 1704 et
846 1641 1032 1725 quibusdam
1055 1640 1142 1706 libris
1165 1644 1287 1727 scriptis
1311 1652 1358 1707 est
1380 1644 1536 1727 δαιμονίῳ

514 1758 608 1845 idque
642 1760 758 1845 recepit
791 1758 986 1822 Boeclhins:
1022 1758 1105 1842 qnod
1136 1760 1168 1823 in
1200 1762 1401 1826 annotatione
1431 1763 1538 1827 critica

515 1899 751 1942 commemorare
779 1878 1050 1961 praetermiseram.

563 1997 638 2058 165.
672 1997 767 2073 ὁρῶντ’
801 1994 908 2059 ὶλιιὶν.
945 1993 1033 2057 Gonl.
1067 1994 1225 2058 annotatio
1256 1994 1295 2058 sd
1326 1993 1376 2059 Ol.
1408 1995 1427 2059 1
1460 1998 1537 2059 152.

515 2112 664 2176 Similiter
685 2110 797 2175 Aesch.
821 2110 853 2174 S.
876 2132 903 2174 c.
927 2110 985 2174 Th.
1009 2114 1050 2175 58
1066 2111 1187 2176 λείπων
1202 2114 1239 2183 ὥς
1252 2112 1344 2189 'Apes
1359 2112 1535 2191 δεὶοριιίτων.

565 2232 637 2293 166.
671 2229 811 2295 Αίοίνιεον
834 2228 964 2294 Οίλιοίδοι
986 2226 1098 2305 βωμόν.
1135 2230 1226 2292 Aram
1252 2229 1396 2313 Ajaoeam
1415 2229 1535 2293 Iliadae

516 2369 541 2410 a.
573 2345 732 2422 Oiliadae,
756 2346 777 2409 i.
802 2369 828 2410 e.
853 2368 936 2410 aram
961 2344 1062 2431 Ajacis
1085 2344 1236 2410 Oiliadae.
1284 2344 1335 2410 Sic
1358 2347 1453 2426 Κρόνιε
1474 2354 1538 2410 rat·

515 2464 599 2534 ‘ntae
623 2461 674 2527 01.
698 2462 733 2527 Π
756 2465 817 2526 22:
841 2463 973 2527 maxima
996 2484 1068 2527 vero
1090 2462 1280 2552 conveniunt
1301 2462 1457 2545 Ἡρακλέος
1471 2464 1535 2543 elpr-

513 2581 642 2662 οτογόνςι
663 2580 769 2662 {carlo
792 2580 847 2665 Py.
876 2579 924 2643 xl
948 2582 985 2642 5:

662 2698 808 2777 Νεστορέῃ
829 2699 913 2775 παρὰ
935 2695 983 2772 νηῒ
1002 2699 1198 2773 Πυλοιγενέος
1220 2698 1381 2780 βασιλῆος,

513 2815 553 2879 Il.
588 2814 624 2879 Π
654 2818 713 2879 54:
745 2816 844 2894 alatptr
873 2816 1018 2894 βασίλειοι
1049 2814 1126 2889 sabla
1159 2814 1269 2879 Aesoh.
1302 2814 1398 2881 (lhos.
1432 2818 1530 2881 1070.

513 2931 650 3018 Vellejns
676 2932 793 2996 Patere.
817 2932 853 2995 Π
877 2936 895 2996 7
919 2931 1032 2996 Fabius
1055 2931 1248 2996 Aemilianus
1270 2932 1372 2997 Pauli.

561 3053 634 3115 166.
669 3054 699 3116 ἒν
728 3051 814 3114 δοιιτί.
849 3050 1068 3134 significantur
1097 3048 1206 3135 epulae
1237 3050 1356 3135 Ajaois:
1384 3072 1448 3114 non
1470 3071 1535 3134 qno

512 3170 667 3254 genitivus
698 3168 828 3234 Οίλιιίδιι
857 3190 928 3233 cnm
959 3168 1018 3231 hoc
1041 3167 1189 3233 vocabolo
1213 3168 1449 3253 conjungendus
1471 3170 1532 3232 sit:

512 3286 545 3349 id
576 3285 660 3370 qnod
693 3286 760 3349 vult
790 3285 957 3350 scholiasta
978 3292 1085 3349 vatus:
1110 3307 1180 3349 nam
1205 3284 1360 3370 quomodo
1384 3284 1437 3349 ille
1460 3307 1533 3349 cnm

513 3404 614 3481 βωμὸν
638 3404 821 3488 conjunctos
842 3403 884 3465 sit
906 3401 1108 3465 ostendimus.
1154 3400 1214 3465 Sed
1238 3400 1332 3466 semel
1354 3402 1448 3486 Ajace
1467 3401 1533 3466 lan-

514 3520 602 3597 dsto,
626 3519 715 3584 facile
737 3519 871 3604 intelligi
895 3528 1028 3605 poterat,
1047 3518 1139 3603 hujus
1155 3520 1322 3604 significari
1337 3541 1436 3585 sacra:
1453 3526 1536 3584 recte

513 3639 594 3702 enim
618 3637 783 3701 scholiasta
805 3638 897 3719 δοιίτοι
917 3638 1044 3722 exponit
1058 3637 1230 3716 πανήγυριν.
1265 3636 1414 3701 Similiter
1428 3634 1537 3700 (lorin-

512 3755 580 3819 thia
594 3754 737 3841 Neptuni
752 3777 838 3819 sacra
852 3754 950 3819 Poeta
966 3762 1054 3818 vocat
1068 3755 1159 3818 δοιίτοι
1173 3754 1302 3831 κλυτοίν,
1320 3752 1371 3818 01.
1383 3752 1466 3819 VHI
1479 3756 1533 3817 69.

559 3876 633 3938 167.
668 3879 759 3938 νικῶν.
795 3872 968 3958 significari
1002 3872 1142 3936 existimo
1165 3870 1360 3958 Epharmosti
1384 3873 1417 3936 in
1440 3874 1534 3937 saeris

513 3992 616 4075 Ajacis
647 3999 832 4075 reportatam
857 3990 1034 4056 victoriam:
1060 3989 1200 4075 Heynios
1225 3989 1349 4075 qnidam
1374 3992 1533 4055 victoriam

513 4108 707 4195 Olympioam
739 4109 904 4193 significari
933 4116 1041 4194 putat,
1066 4107 1120 4171 sed
1144 4108 1170 4171 si
1194 4110 1239 4172 ita
1262 4118 1346 4185 crat,
1370 4110 1535 4195 scripserat

513 4226 626 4304 Poeta,
658 4235 695 4289 nt
726 4225 836 4304 credo,
866 4226 1006 4303 νικοίοιις,
1038 4234 1092 4289 eut
1118 4227 1361 4311 praetermiserat
1384 4228 1449 4312 ojus
1468 4228 1533 4311 jam

513 4344 656 4409 laudatae
683 4366 757 4408 sse
780 4345 925 4408 victoriae
948 4344 1153 4422 mentionem,
1177 4354 1232 4408 ant
1255 4344 1407 4431 adjecerat
1430 4343 1536 4431 Olym·

513 4463 581 4548 piae
611 4484 742 4539 nomen,
774 4470 811 4526 nt
840 4462 891 4527 Ol.
925 4462 990 4526 VII
1025 4465 1083 4539 16,
1122 4465 1201 4541 156,
1231 4462 1260 4526 X
1285 4466 1346 4541 21,
1371 4462 1454 4527 XIII
1477 4466 1533 4527 42.
