<?xml version="1.0" encoding="UTF-8"?>
<!DOCTYPE html PUBLIC "-//W3C//DTD XHTML 1.0 Transitional//EN"
    "http://www.w3.org/TR/xhtml1/DTD/xhtml1-transitional.dtd">
<html xmlns="http://www.w3.org/1999/xhtml" xml:lang="en" lang="en">
 <head>
  <title>
</title>
<meta http-equiv="Content-Type" content="text/html;charset=utf-8" />
  <meta name='ocr-system' content='tesseract 3.04.00' />
  <meta name='ocr-capabilities' content='ocr_page ocr_carea ocr_par ocr_line ocrx_word'/>
</head>
<body>
  <div class='ocr_page' id='page_1' title='image "./pindaricarminao01pindgoog_0501.png"; bbox 0 0 3725 5542; ppageno 0'>
   <div class='ocr_carea' id='block_1_1' title="bbox 813 700 876 763">
    <p class='ocr_par' dir='ltr' id='par_1_1' title="bbox 813 700 876 763">
     <span class='ocr_line' id='line_1_1' title="bbox 813 700 876 763; baseline 0.032 -3"><span class='ocrx_word' id='word_1_1' title='bbox 813 700 876 763; x_wconf 76' lang='lat'><strong>487</strong></span> 
     </span>
    </p>
   </div>
   <div class='ocr_carea' id='block_1_2' title="bbox 251 896 1358 4502">
    <p class='ocr_par' dir='ltr' id='par_1_2' title="bbox 383 896 1354 985">
     <span class='ocr_line' id='line_1_2' title="bbox 383 896 1354 985; baseline 0 -20"><span class='ocrx_word' id='word_1_2' title='bbox 383 905 456 966; x_wconf 78' lang='lat'>134.</span> <span class='ocrx_word' id='word_1_3' title='bbox 491 896 555 968; x_wconf 74' lang='grc' dir='ltr'><strong><em>οἷον.</em></strong></span> <span class='ocrx_word' id='word_1_4' title='bbox 579 900 768 965; x_wconf 81' lang='lat' dir='ltr'><strong>Scholiestee</strong></span> <span class='ocrx_word' id='word_1_5' title='bbox 777 907 892 964; x_wconf 89' lang='lat' dir='ltr'><strong>veteres</strong></span> <span class='ocrx_word' id='word_1_6' title='bbox 904 906 1068 978; x_wconf 81' lang='lat' dir='ltr'><strong>testantur,</strong></span> <span class='ocrx_word' id='word_1_7' title='bbox 1083 899 1159 965; x_wconf 87' lang='lat' dir='ltr'><strong>elios</strong></span> <span class='ocrx_word' id='word_1_8' title='bbox 1171 899 1281 985; x_wconf 79' lang='lat' dir='ltr'><strong>legisse</strong></span> <span class='ocrx_word' id='word_1_9' title='bbox 1290 897 1354 967; x_wconf 79' lang='grc' dir='ltr'><strong><em>εἶεν.</em></strong></span> 
     </span>
    </p>

    <p class='ocr_par' dir='ltr' id='par_1_3' title="bbox 382 1016 980 1099">
     <span class='ocr_line' id='line_1_3' title="bbox 382 1016 980 1099; baseline -0.008 -14"><span class='ocrx_word' id='word_1_10' title='bbox 382 1021 455 1091; x_wconf 75' lang='lat'><strong>134.</strong></span> <span class='ocrx_word' id='word_1_11' title='bbox 488 1021 518 1088; x_wconf 74' lang='grc' dir='ltr'><strong>ἐν</strong></span> <span class='ocrx_word' id='word_1_12' title='bbox 540 1020 707 1099; x_wconf 59' lang='grc' dir='ltr'><strong><em>Μαραθῶνι.</em></strong></span> <span class='ocrx_word' id='word_1_13' title='bbox 744 1018 782 1083; x_wconf 84' lang='grc' dir='ltr'><strong>Ιιι</strong></span> <span class='ocrx_word' id='word_1_14' title='bbox 812 1016 980 1084; x_wconf 76' lang='lat' dir='ltr'><strong>Herculeis..</strong></span> 
     </span>
    </p>

    <p class='ocr_par' dir='ltr' id='par_1_4' title="bbox 251 1133 1358 3919">
     <span class='ocr_line' id='line_1_4' title="bbox 382 1133 1356 1219; baseline 0.001 -20"><span class='ocrx_word' id='word_1_15' title='bbox 382 1138 454 1200; x_wconf 70' lang='lat'>134.</span> <span class='ocrx_word' id='word_1_16' title='bbox 489 1135 797 1211; x_wconf 57' lang='lat' dir='ltr'><strong>scamandrenus.</strong></span> <span class='ocrx_word' id='word_1_17' title='bbox 836 1133 912 1200; x_wconf 80' lang='lat' dir='ltr'><strong>Fuit</strong></span> <span class='ocrx_word' id='word_1_18' title='bbox 935 1140 1018 1199; x_wconf 81' lang='lat' dir='ltr'><strong>uetes</strong></span> <span class='ocrx_word' id='word_1_19' title='bbox 1041 1140 1226 1209; x_wconf 75' lang='lat' dir='ltr'><strong>certatorum</strong></span> <span class='ocrx_word' id='word_1_20' title='bbox 1249 1135 1356 1219; x_wconf 81' lang='lat' dir='ltr'><strong>triper-</strong></span> 
     </span>
     <span class='ocr_line' id='line_1_5' title="bbox 333 1250 1355 1335; baseline 0 -18"><span class='ocrx_word' id='word_1_21' title='bbox 333 1253 409 1329; x_wconf 80' lang='lat' dir='ltr'><strong>tita,</strong></span> <span class='ocrx_word' id='word_1_22' title='bbox 440 1252 567 1331; x_wconf 70' lang='grc' dir='ltr'><strong>παίδων,</strong></span> <span class='ocrx_word' id='word_1_23' title='bbox 597 1253 757 1331; x_wconf 71' lang='grc' dir='ltr'><strong><em>ἀγενείων,</em></strong></span> <span class='ocrx_word' id='word_1_24' title='bbox 786 1253 909 1334; x_wconf 68' lang='grc' dir='ltr'><strong><em>ἀνδρῶν,</em></strong></span> <span class='ocrx_word' id='word_1_25' title='bbox 941 1253 995 1335; x_wconf 86' lang='lat' dir='ltr'><strong>qui</strong></span> <span class='ocrx_word' id='word_1_26' title='bbox 1026 1250 1151 1334; x_wconf 85' lang='lat' dir='ltr'><strong>quidem</strong></span> <span class='ocrx_word' id='word_1_27' title='bbox 1182 1252 1290 1329; x_wconf 88' lang='lat' dir='ltr'><strong>etiam,</strong></span> <span class='ocrx_word' id='word_1_28' title='bbox 1321 1260 1355 1317; x_wconf 88' lang='lat' dir='ltr'><strong>ut</strong></span> 
     </span>
     <span class='ocr_line' id='line_1_6' title="bbox 334 1367 1356 1450; baseline 0 -17"><span class='ocrx_word' id='word_1_29' title='bbox 334 1368 393 1435; x_wconf 87' lang='lat' dir='ltr'><strong>hec</strong></span> <span class='ocrx_word' id='word_1_30' title='bbox 415 1370 500 1447; x_wconf 89' lang='lat' dir='ltr'><strong>loco,</strong></span> <span class='ocrx_word' id='word_1_31' title='bbox 524 1370 713 1450; x_wconf 80' lang='grc' dir='ltr'><strong><em>πρεσβύτεροι</em></strong></span> <span class='ocrx_word' id='word_1_32' title='bbox 739 1369 938 1435; x_wconf 87' lang='lat' dir='ltr'><strong>vocabantur.</strong></span> <span class='ocrx_word' id='word_1_33' title='bbox 978 1367 1109 1433; x_wconf 82' lang='lat' dir='ltr'><strong>Exstant</strong></span> <span class='ocrx_word' id='word_1_34' title='bbox 1132 1375 1234 1443; x_wconf 82' lang='lat' dir='ltr'><strong>autem</strong></span> <span class='ocrx_word' id='word_1_35' title='bbox 1258 1392 1356 1441; x_wconf 57' lang='lat' dir='ltr'><strong>exem,</strong></span> 
     </span>
     <span class='ocr_line' id='line_1_7' title="bbox 334 1485 1355 1572; baseline 0.001 -23"><span class='ocrx_word' id='word_1_36' title='bbox 334 1485 404 1572; x_wconf 84' lang='lat' dir='ltr'><strong>plu,</strong></span> <span class='ocrx_word' id='word_1_37' title='bbox 435 1486 598 1571; x_wconf 81' lang='lat' dir='ltr'><strong>aliquoties</strong></span> <span class='ocrx_word' id='word_1_38' title='bbox 630 1493 749 1571; x_wconf 88' lang='lat' dir='ltr'><strong>praeter</strong></span> <span class='ocrx_word' id='word_1_39' title='bbox 784 1494 914 1550; x_wconf 78' lang='lat' dir='ltr'><strong>aetutem</strong></span> <span class='ocrx_word' id='word_1_40' title='bbox 946 1487 1081 1571; x_wconf 89' lang='lat' dir='ltr'><strong>corporis</strong></span> <span class='ocrx_word' id='word_1_41' title='bbox 1112 1486 1219 1551; x_wconf 80' lang='lat' dir='ltr'><strong>faciem</strong></span> <span class='ocrx_word' id='word_1_42' title='bbox 1250 1496 1281 1551; x_wconf 90' lang='lat' dir='ltr'><strong>et</strong></span> <span class='ocrx_word' id='word_1_43' title='bbox 1308 1487 1355 1551; x_wconf 87' lang='lat' dir='ltr'><strong>vel</strong></span> 
     </span>
     <span class='ocr_line' id='line_1_8' title="bbox 333 1603 1356 1689; baseline -0.002 -20"><span class='ocrx_word' id='word_1_44' title='bbox 333 1604 524 1669; x_wconf 74' lang='lat' dir='ltr'><strong>debilitatem</strong></span> <span class='ocrx_word' id='word_1_45' title='bbox 547 1604 595 1669; x_wconf 88' lang='lat' dir='ltr'><strong>vel</strong></span> <span class='ocrx_word' id='word_1_46' title='bbox 625 1604 721 1669; x_wconf 88' lang='lat' dir='ltr'><strong>robur</strong></span> <span class='ocrx_word' id='word_1_47' title='bbox 744 1604 878 1668; x_wconf 78' lang='lat' dir='ltr'><strong>valuisse</strong></span> <span class='ocrx_word' id='word_1_48' title='bbox 905 1604 950 1668; x_wconf 89' lang='lat' dir='ltr'><strong>ite</strong></span> <span class='ocrx_word' id='word_1_49' title='bbox 972 1603 1004 1668; x_wconf 91' lang='lat' dir='ltr'><strong>in</strong></span> <span class='ocrx_word' id='word_1_50' title='bbox 1029 1604 1196 1689; x_wconf 80' lang='lat' dir='ltr'><strong>partiendis</strong></span> <span class='ocrx_word' id='word_1_51' title='bbox 1219 1604 1356 1669; x_wconf 77' lang='lat' dir='ltr'><strong>certami·</strong></span> 
     </span>
     <span class='ocr_line' id='line_1_9' title="bbox 334 1720 1354 1805; baseline -0.003 -18"><span class='ocrx_word' id='word_1_52' title='bbox 334 1722 442 1799; x_wconf 89' lang='lat' dir='ltr'><strong>nibus,</strong></span> <span class='ocrx_word' id='word_1_53' title='bbox 466 1732 504 1786; x_wconf 89' lang='lat' dir='ltr'><strong>ut</strong></span> <span class='ocrx_word' id='word_1_54' title='bbox 526 1720 638 1805; x_wconf 90' lang='lat' dir='ltr'><strong>aliquis</strong></span> <span class='ocrx_word' id='word_1_55' title='bbox 661 1722 700 1786; x_wconf 90' lang='lat' dir='ltr'><strong>ab</strong></span> <span class='ocrx_word' id='word_1_56' title='bbox 723 1743 759 1785; x_wconf 91' lang='lat' dir='ltr'><strong>eo</strong></span> <span class='ocrx_word' id='word_1_57' title='bbox 784 1721 966 1799; x_wconf 87' lang='lat' dir='ltr'><strong>certamine,</strong></span> <span class='ocrx_word' id='word_1_58' title='bbox 989 1722 1039 1785; x_wconf 90' lang='lat' dir='ltr'><strong>cui</strong></span> <span class='ocrx_word' id='word_1_59' title='bbox 1055 1721 1200 1785; x_wconf 81' lang='lat' dir='ltr'><strong>interesse</strong></span> <span class='ocrx_word' id='word_1_60' title='bbox 1217 1721 1354 1800; x_wconf 86' lang='lat' dir='ltr'><strong>volebat,</strong></span> 
     </span>
     <span class='ocr_line' id='line_1_10' title="bbox 332 1837 1354 1923; baseline 0.002 -22"><span class='ocrx_word' id='word_1_61' title='bbox 332 1844 501 1902; x_wconf 87' lang='lat' dir='ltr'><strong>arceretur:</strong></span> <span class='ocrx_word' id='word_1_62' title='bbox 534 1844 628 1923; x_wconf 80' lang='lat' dir='ltr'><strong>atque</strong></span> <span class='ocrx_word' id='word_1_63' title='bbox 659 1838 754 1903; x_wconf 90' lang='lat' dir='ltr'><strong>etiam</strong></span> <span class='ocrx_word' id='word_1_64' title='bbox 788 1860 845 1901; x_wconf 89' lang='lat' dir='ltr'><strong>sua</strong></span> <span class='ocrx_word' id='word_1_65' title='bbox 875 1837 1011 1922; x_wconf 90' lang='lat' dir='ltr'><strong>aliquem</strong></span> <span class='ocrx_word' id='word_1_66' title='bbox 1042 1838 1200 1903; x_wconf 88' lang='lat' dir='ltr'><strong>voluntate</strong></span> <span class='ocrx_word' id='word_1_67' title='bbox 1231 1839 1354 1923; x_wconf 80' lang='lat' dir='ltr'><strong>gravius</strong></span> 
     </span>
     <span class='ocr_line' id='line_1_11' title="bbox 332 1954 1354 2039; baseline -0.002 -18"><span class='ocrx_word' id='word_1_68' title='bbox 332 1961 486 2021; x_wconf 81' lang='lat' dir='ltr'><strong>certamen</strong></span> <span class='ocrx_word' id='word_1_69' title='bbox 510 1954 639 2019; x_wconf 85' lang='lat' dir='ltr'><strong>subiisse</strong></span> <span class='ocrx_word' id='word_1_70' title='bbox 659 1976 752 2037; x_wconf 91' lang='lat' dir='ltr'><strong>quam</strong></span> <span class='ocrx_word' id='word_1_71' title='bbox 774 1976 832 2019; x_wconf 88' lang='lat' dir='ltr'><strong>sua</strong></span> <span class='ocrx_word' id='word_1_72' title='bbox 851 1962 935 2019; x_wconf 81' lang='lat' dir='ltr'><strong>aetas</strong></span> <span class='ocrx_word' id='word_1_73' title='bbox 955 1954 1089 2019; x_wconf 81' lang='lat' dir='ltr'><strong>ferebat:</strong></span> <span class='ocrx_word' id='word_1_74' title='bbox 1109 1962 1200 2039; x_wconf 88' lang='lat' dir='ltr'><strong>etque</strong></span> <span class='ocrx_word' id='word_1_75' title='bbox 1212 1954 1289 2019; x_wconf 77' lang='lat' dir='ltr'><strong>adeo</strong></span> <span class='ocrx_word' id='word_1_76' title='bbox 1301 1956 1354 2019; x_wconf 86' lang='lat' dir='ltr'><strong>ali·</strong></span> 
     </span>
     <span class='ocr_line' id='line_1_12' title="bbox 334 2066 1354 2157; baseline 0 -21"><span class='ocrx_word' id='word_1_77' title='bbox 334 2092 426 2155; x_wconf 84' lang='lat' dir='ltr'><strong>quem</strong></span> <span class='ocrx_word' id='word_1_78' title='bbox 449 2093 512 2135; x_wconf 90' lang='lat' dir='ltr'><strong>uno</strong></span> <span class='ocrx_word' id='word_1_79' title='bbox 536 2071 586 2135; x_wconf 86' lang='lat' dir='ltr'><strong>die</strong></span> <span class='ocrx_word' id='word_1_80' title='bbox 610 2070 746 2157; x_wconf 84' lang='lat' dir='ltr'><strong>plurium</strong></span> <span class='ocrx_word' id='word_1_81' title='bbox 769 2079 905 2135; x_wconf 77' lang='lat' dir='ltr'><strong>aetatum</strong></span> <span class='ocrx_word' id='word_1_82' title='bbox 928 2066 1095 2135; x_wconf 84' lang='lat' dir='ltr'><strong>certamina</strong></span> <span class='ocrx_word' id='word_1_83' title='bbox 1110 2070 1258 2136; x_wconf 85' lang='lat' dir='ltr'><strong>subiisse:</strong></span> <span class='ocrx_word' id='word_1_84' title='bbox 1276 2070 1354 2137; x_wconf 89' lang='lat' dir='ltr'><strong>Pau·</strong></span> 
     </span>
     <span class='ocr_line' id='line_1_13' title="bbox 333 2188 1356 2275; baseline 0.004 -24"><span class='ocrx_word' id='word_1_85' title='bbox 333 2213 398 2260; x_wconf 82' lang='lat' dir='ltr'><strong>sau.</strong></span> <span class='ocrx_word' id='word_1_86' title='bbox 430 2190 466 2258; x_wconf 85' lang='lat' dir='ltr'><strong>L.</strong></span> <span class='ocrx_word' id='word_1_87' title='bbox 490 2188 539 2263; x_wconf 83' lang='lat' dir='ltr'><strong>VI</strong></span> <span class='ocrx_word' id='word_1_88' title='bbox 561 2189 597 2254; x_wconf 85' lang='grc' dir='ltr'><strong>Ο.</strong></span> <span class='ocrx_word' id='word_1_89' title='bbox 622 2188 701 2254; x_wconf 87' lang='lat' dir='ltr'><strong>XIV</strong></span> <span class='ocrx_word' id='word_1_90' title='bbox 727 2191 755 2252; x_wconf 87' lang='lat'><strong>1.</strong></span> <span class='ocrx_word' id='word_1_91' title='bbox 795 2188 884 2253; x_wconf 84' lang='lat' dir='ltr'><strong>Conf.</strong></span> <span class='ocrx_word' id='word_1_92' title='bbox 907 2188 938 2252; x_wconf 85' lang='lat' dir='ltr'><strong>J.</strong></span> <span class='ocrx_word' id='word_1_93' title='bbox 963 2190 1004 2253; x_wconf 90' lang='lat' dir='ltr'><strong>H.</strong></span> <span class='ocrx_word' id='word_1_94' title='bbox 1029 2188 1166 2267; x_wconf 86' lang='lat' dir='ltr'><strong>Krause‚</strong></span> <span class='ocrx_word' id='word_1_95' title='bbox 1192 2190 1251 2255; x_wconf 90' lang='lat' dir='ltr'><strong>Die</strong></span> <span class='ocrx_word' id='word_1_96' title='bbox 1274 2192 1356 2275; x_wconf 83' lang='lat' dir='ltr'>Ago-</span> 
     </span>
     <span class='ocr_line' id='line_1_14' title="bbox 333 2306 1355 2393; baseline 0.001 -21"><span class='ocrx_word' id='word_1_97' title='bbox 333 2308 429 2376; x_wconf 85' lang='lat' dir='ltr'><strong>nistik</strong></span> <span class='ocrx_word' id='word_1_98' title='bbox 452 2308 508 2372; x_wconf 88' lang='lat' dir='ltr'><strong>der</strong></span> <span class='ocrx_word' id='word_1_99' title='bbox 530 2307 700 2384; x_wconf 87' lang='lat' dir='ltr'><strong>Helleneu,</strong></span> <span class='ocrx_word' id='word_1_100' title='bbox 724 2307 760 2370; x_wconf 92' lang='lat' dir='ltr'><strong>B.</strong></span> <span class='ocrx_word' id='word_1_101' title='bbox 788 2306 804 2369; x_wconf 95' lang='lat' dir='ltr'>I</span> <span class='ocrx_word' id='word_1_102' title='bbox 827 2329 857 2391; x_wconf 91' lang='lat' dir='ltr'><strong>p.</strong></span> <span class='ocrx_word' id='word_1_103' title='bbox 883 2308 959 2371; x_wconf 79' lang='lat' dir='ltr'><strong>stt.</strong></span> <span class='ocrx_word' id='word_1_104' title='bbox 995 2306 1234 2393; x_wconf 80' lang='lat' dir='ltr'><strong>Epharmostnm</strong></span> <span class='ocrx_word' id='word_1_105' title='bbox 1252 2316 1355 2373; x_wconf 84' lang='lat' dir='ltr'><strong>eutem</strong></span> 
     </span>
     <span class='ocr_line' id='line_1_15' title="bbox 333 2423 1358 2510; baseline 0 -21"><span class='ocrx_word' id='word_1_106' title='bbox 333 2433 472 2510; x_wconf 84' lang='lat' dir='ltr'><strong>ereptum</strong></span> <span class='ocrx_word' id='word_1_107' title='bbox 497 2447 534 2492; x_wconf 82' lang='lat' dir='ltr'><strong>ex</strong></span> <span class='ocrx_word' id='word_1_108' title='bbox 556 2424 749 2490; x_wconf 86' lang='lat' dir='ltr'><strong>imberbibus</strong></span> <span class='ocrx_word' id='word_1_109' title='bbox 773 2424 868 2489; x_wconf 83' lang='lat' dir='ltr'><strong>fuisse</strong></span> <span class='ocrx_word' id='word_1_110' title='bbox 892 2423 1030 2489; x_wconf 82' lang='lat' dir='ltr'><strong>videmus</strong></span> <span class='ocrx_word' id='word_1_111' title='bbox 1054 2432 1085 2492; x_wconf 88' lang='lat' dir='ltr'><strong>et</strong></span> <span class='ocrx_word' id='word_1_112' title='bbox 1109 2424 1242 2499; x_wconf 83' lang='lat' dir='ltr'><strong>virorum</strong></span> <span class='ocrx_word' id='word_1_113' title='bbox 1266 2426 1358 2489; x_wconf 86' lang='lat' dir='ltr'><strong>iuter·</strong></span> 
     </span>
     <span class='ocr_line' id='line_1_16' title="bbox 334 2540 1357 2627; baseline 0 -20"><span class='ocrx_word' id='word_1_114' title='bbox 334 2544 429 2609; x_wconf 83' lang='lat' dir='ltr'><strong>fuisse</strong></span> <span class='ocrx_word' id='word_1_115' title='bbox 453 2542 628 2608; x_wconf 76' lang='lat' dir='ltr'><strong>certamini:</strong></span> <span class='ocrx_word' id='word_1_116' title='bbox 654 2542 738 2627; x_wconf 87' lang='lat' dir='ltr'><strong>quod</strong></span> <span class='ocrx_word' id='word_1_117' title='bbox 761 2543 805 2606; x_wconf 89' lang='lat' dir='ltr'><strong>sic</strong></span> <span class='ocrx_word' id='word_1_118' title='bbox 828 2540 1045 2626; x_wconf 85' lang='lat' dir='ltr'><strong>exponendum</strong></span> <span class='ocrx_word' id='word_1_119' title='bbox 1066 2551 1159 2626; x_wconf 87' lang='lat' dir='ltr'><strong>puto:</strong></span> <span class='ocrx_word' id='word_1_120' title='bbox 1176 2543 1271 2607; x_wconf 78' lang='lat' dir='ltr'><strong>fuisse</strong></span> <span class='ocrx_word' id='word_1_121' title='bbox 1287 2564 1357 2607; x_wconf 89' lang='lat' dir='ltr'><strong>eum</strong></span> 
     </span>
     <span class='ocr_line' id='line_1_17' title="bbox 333 2660 1357 2749; baseline 0.001 -23"><span class='ocrx_word' id='word_1_122' title='bbox 333 2668 432 2730; x_wconf 76' lang='lat' dir='ltr'><strong>aetate</strong></span> <span class='ocrx_word' id='word_1_123' title='bbox 462 2661 649 2739; x_wconf 85' lang='lat' dir='ltr'><strong>imberbem,</strong></span> <span class='ocrx_word' id='word_1_124' title='bbox 682 2660 735 2725; x_wconf 87' lang='lat' dir='ltr'><strong>sed</strong></span> <span class='ocrx_word' id='word_1_125' title='bbox 764 2662 827 2746; x_wconf 88' lang='lat' dir='ltr'><strong>jam</strong></span> <span class='ocrx_word' id='word_1_126' title='bbox 859 2670 927 2725; x_wconf 91' lang='lat' dir='ltr'><strong>tum</strong></span> <span class='ocrx_word' id='word_1_127' title='bbox 959 2660 1087 2729; x_wconf 86' lang='lat' dir='ltr'><strong>robusta</strong></span> <span class='ocrx_word' id='word_1_128' title='bbox 1117 2661 1193 2727; x_wconf 82' lang='lat' dir='ltr'><strong>fecie</strong></span> <span class='ocrx_word' id='word_1_129' title='bbox 1224 2662 1357 2749; x_wconf 82' lang='lat' dir='ltr'><strong>fortique</strong></span> 
     </span>
     <span class='ocr_line' id='line_1_18' title="bbox 332 2777 1357 2865; baseline 0.002 -22"><span class='ocrx_word' id='word_1_130' title='bbox 332 2800 474 2865; x_wconf 84' lang='lat' dir='ltr'><strong>corpere,</strong></span> <span class='ocrx_word' id='word_1_131' title='bbox 498 2786 535 2843; x_wconf 93' lang='lat' dir='ltr'><strong>ut</strong></span> <span class='ocrx_word' id='word_1_132' title='bbox 555 2802 625 2843; x_wconf 88' lang='lat' dir='ltr'><strong>eum</strong></span> <span class='ocrx_word' id='word_1_133' title='bbox 641 2777 680 2843; x_wconf 91' lang='lat' dir='ltr'><strong>ab</strong></span> <span class='ocrx_word' id='word_1_134' title='bbox 695 2777 880 2843; x_wconf 89' lang='lat' dir='ltr'><strong>imberbium</strong></span> <span class='ocrx_word' id='word_1_135' title='bbox 898 2778 1065 2843; x_wconf 84' lang='lat' dir='ltr'><strong>certamine</strong></span> <span class='ocrx_word' id='word_1_136' title='bbox 1083 2778 1251 2849; x_wconf 80' lang='lat' dir='ltr'><strong>annuerint:</strong></span> <span class='ocrx_word' id='word_1_137' title='bbox 1268 2778 1357 2845; x_wconf 90' lang='lat' dir='ltr'><strong>illum</strong></span> 
     </span>
     <span class='ocr_line' id='line_1_19' title="bbox 333 2895 1356 2980; baseline -0.006 -14"><span class='ocrx_word' id='word_1_138' title='bbox 333 2905 438 2967; x_wconf 72' lang='lat' dir='ltr'><strong>sutem</strong></span> <span class='ocrx_word' id='word_1_139' title='bbox 463 2905 531 2960; x_wconf 88' lang='lat' dir='ltr'><strong>tum</strong></span> <span class='ocrx_word' id='word_1_140' title='bbox 554 2896 678 2980; x_wconf 90' lang='lat' dir='ltr'><strong>petiisse</strong></span> <span class='ocrx_word' id='word_1_141' title='bbox 701 2904 732 2959; x_wconf 89' lang='lat' dir='ltr'><strong>et</strong></span> <span class='ocrx_word' id='word_1_142' title='bbox 754 2902 942 2962; x_wconf 85' lang='lat' dir='ltr'><strong>sustentasse</strong></span> <span class='ocrx_word' id='word_1_143' title='bbox 966 2902 1120 2961; x_wconf 88' lang='lat' dir='ltr'><strong>certamen</strong></span> <span class='ocrx_word' id='word_1_144' title='bbox 1144 2896 1241 2961; x_wconf 75' lang='lat' dir='ltr'><strong>virile.</strong></span> <span class='ocrx_word' id='word_1_145' title='bbox 1276 2895 1356 2961; x_wconf 82' lang='lat' dir='ltr'><strong>Sunt</strong></span> 
     </span>
     <span class='ocr_line' id='line_1_20' title="bbox 334 3011 1357 3099; baseline 0 -22"><span class='ocrx_word' id='word_1_146' title='bbox 334 3012 389 3097; x_wconf 87' lang='lat' dir='ltr'><strong>qui</strong></span> <span class='ocrx_word' id='word_1_147' title='bbox 419 3012 611 3090; x_wconf 82' lang='lat' dir='ltr'><strong>existiment,</strong></span> <span class='ocrx_word' id='word_1_148' title='bbox 641 3012 731 3077; x_wconf 89' lang='lat' dir='ltr'><strong>illum</strong></span> <span class='ocrx_word' id='word_1_149' title='bbox 753 3013 859 3077; x_wconf 75' lang='lat' dir='ltr'><strong>furtim</strong></span> <span class='ocrx_word' id='word_1_150' title='bbox 883 3012 1082 3099; x_wconf 89' lang='lat' dir='ltr'><strong>semetipsum</strong></span> <span class='ocrx_word' id='word_1_151' title='bbox 1106 3012 1144 3076; x_wconf 90' lang='lat' dir='ltr'><strong>ab</strong></span> <span class='ocrx_word' id='word_1_152' title='bbox 1167 3011 1357 3089; x_wconf 83' lang='lat' dir='ltr'><strong>imberbibus</strong></span> 
     </span>
     <span class='ocr_line' id='line_1_21' title="bbox 334 3128 1356 3214; baseline -0.001 -21"><span class='ocrx_word' id='word_1_153' title='bbox 334 3151 490 3214; x_wconf 78' lang='lat' dir='ltr'><strong>separasse</strong></span> <span class='ocrx_word' id='word_1_154' title='bbox 512 3138 544 3192; x_wconf 91' lang='lat' dir='ltr'><strong>et</strong></span> <span class='ocrx_word' id='word_1_155' title='bbox 566 3129 639 3193; x_wconf 82' lang='lat' dir='ltr'><strong>viris</strong></span> <span class='ocrx_word' id='word_1_156' title='bbox 661 3130 882 3194; x_wconf 80' lang='lat' dir='ltr'><strong>immiscuisse:</strong></span> <span class='ocrx_word' id='word_1_157' title='bbox 906 3152 1013 3197; x_wconf 79' lang='lat' dir='ltr'><strong>uerum</strong></span> <span class='ocrx_word' id='word_1_158' title='bbox 1036 3129 1070 3193; x_wconf 90' lang='lat' dir='ltr'><strong>id</strong></span> <span class='ocrx_word' id='word_1_159' title='bbox 1084 3129 1160 3195; x_wconf 90' lang='lat' dir='ltr'><strong>mihi</strong></span> <span class='ocrx_word' id='word_1_160' title='bbox 1176 3152 1213 3193; x_wconf 86' lang='lat' dir='ltr'><strong>ex</strong></span> <span class='ocrx_word' id='word_1_161' title='bbox 1228 3128 1356 3205; x_wconf 70' lang='lat' dir='ltr'><strong>Pindari</strong></span> 
     </span>
     <span class='ocr_line' id='line_1_22' title="bbox 334 3246 1357 3332; baseline -0.002 -21"><span class='ocrx_word' id='word_1_162' title='bbox 334 3246 434 3315; x_wconf 78' lang='lat' dir='ltr'><strong>uerbis</strong></span> <span class='ocrx_word' id='word_1_163' title='bbox 465 3268 609 3332; x_wconf 86' lang='lat' dir='ltr'><strong>apparere</strong></span> <span class='ocrx_word' id='word_1_164' title='bbox 640 3268 702 3309; x_wconf 90' lang='lat' dir='ltr'><strong>nou</strong></span> <span class='ocrx_word' id='word_1_165' title='bbox 726 3246 857 3314; x_wconf 86' lang='lat' dir='ltr'><strong>videtur.</strong></span> <span class='ocrx_word' id='word_1_166' title='bbox 905 3247 1049 3319; x_wconf 70' lang='grc' dir='ltr'><strong><em>Συλιιόεὶς</em></strong></span> <span class='ocrx_word' id='word_1_167' title='bbox 1071 3247 1210 3324; x_wconf 66' lang='grc' dir='ltr'><strong><em>ἀγενείων</em></strong></span> <span class='ocrx_word' id='word_1_168' title='bbox 1234 3247 1357 3332; x_wconf 90' lang='lat' dir='ltr'><strong>proprie</strong></span> 
     </span>
     <span class='ocr_line' id='line_1_23' title="bbox 333 3346 1355 3449; baseline 0 -19"><span class='ocrx_word' id='word_1_169' title='bbox 333 3364 487 3449; x_wconf 79' lang='lat' dir='ltr'><strong>significet</strong></span> <span class='ocrx_word' id='word_1_170' title='bbox 515 3363 666 3447; x_wconf 90' lang='lat' dir='ltr'><strong>spoliatus</strong></span> <span class='ocrx_word' id='word_1_171' title='bbox 696 3363 745 3427; x_wconf 82' lang='lat' dir='ltr'><strong>uel</strong></span> <span class='ocrx_word' id='word_1_172' title='bbox 775 3364 913 3448; x_wconf 88' lang='lat' dir='ltr'><strong>privatus</strong></span> <span class='ocrx_word' id='word_1_173' title='bbox 936 3363 1144 3441; x_wconf 88' lang='lat' dir='ltr'><strong>imberbibus,</strong></span> <span class='ocrx_word' id='word_1_174' title='bbox 1167 3363 1200 3427; x_wconf 86' lang='lat' dir='ltr'><strong>id</strong></span> <span class='ocrx_word' id='word_1_175' title='bbox 1224 3346 1271 3431; x_wconf 84' lang='lat' dir='ltr'><strong>est</strong></span> <span class='ocrx_word' id='word_1_176' title='bbox 1293 3384 1355 3430; x_wconf 84' lang='lat' dir='ltr'><strong>cer·</strong></span> 
     </span>
     <span class='ocr_line' id='line_1_24' title="bbox 333 3478 1354 3558; baseline 0 -13"><span class='ocrx_word' id='word_1_177' title='bbox 333 3482 449 3547; x_wconf 88' lang='lat' dir='ltr'><strong>tamine</strong></span> <span class='ocrx_word' id='word_1_178' title='bbox 479 3479 663 3545; x_wconf 86' lang='lat' dir='ltr'><strong>imberbium</strong></span> <span class='ocrx_word' id='word_1_179' title='bbox 696 3479 874 3546; x_wconf 82' lang='lat' dir='ltr'><strong>destitutus.</strong></span> <span class='ocrx_word' id='word_1_180' title='bbox 920 3478 994 3547; x_wconf 84' lang='lat' dir='ltr'><strong>Non</strong></span> <span class='ocrx_word' id='word_1_181' title='bbox 1025 3481 1137 3546; x_wconf 89' lang='lat' dir='ltr'><strong>mirum</strong></span> <span class='ocrx_word' id='word_1_182' title='bbox 1165 3488 1267 3546; x_wconf 88' lang='lat' dir='ltr'><strong>eutem</strong></span> <span class='ocrx_word' id='word_1_183' title='bbox 1291 3486 1354 3558; x_wconf 90' lang='lat' dir='ltr'><strong>est,</strong></span> 
     </span>
     <span class='ocr_line' id='line_1_25' title="bbox 333 3596 1356 3683; baseline -0.001 -19"><span class='ocrx_word' id='word_1_184' title='bbox 333 3601 478 3670; x_wconf 82' lang='lat' dir='ltr'><strong>uictnrem</strong></span> <span class='ocrx_word' id='word_1_185' title='bbox 505 3596 682 3682; x_wconf 76' lang='lat' dir='ltr'><strong>ingentibus</strong></span> <span class='ocrx_word' id='word_1_186' title='bbox 709 3598 914 3682; x_wconf 86' lang='lat' dir='ltr'><strong>spectantium</strong></span> <span class='ocrx_word' id='word_1_187' title='bbox 945 3607 1107 3683; x_wconf 80' lang='lat' dir='ltr'><strong>exceptum</strong></span> <span class='ocrx_word' id='word_1_188' title='bbox 1130 3620 1196 3663; x_wconf 80' lang='lat' dir='ltr'><strong>esse</strong></span> <span class='ocrx_word' id='word_1_189' title='bbox 1219 3597 1356 3666; x_wconf 84' lang='lat' dir='ltr'><strong>clemeri·</strong></span> 
     </span>
     <span class='ocr_line' id='line_1_26' title="bbox 334 3713 1356 3799; baseline -0.005 -17"><span class='ocrx_word' id='word_1_190' title='bbox 334 3717 403 3793; x_wconf 78' lang='lat' dir='ltr'><strong>bns.</strong></span> <span class='ocrx_word' id='word_1_191' title='bbox 450 3714 524 3779; x_wconf 82' lang='lat' dir='ltr'><strong>Fuit</strong></span> <span class='ocrx_word' id='word_1_192' title='bbox 553 3713 736 3782; x_wconf 71' lang='lat' dir='ltr'><strong>Marathone</strong></span> <span class='ocrx_word' id='word_1_193' title='bbox 768 3715 801 3779; x_wconf 90' lang='lat' dir='ltr'><strong>in</strong></span> <span class='ocrx_word' id='word_1_194' title='bbox 825 3714 983 3779; x_wconf 88' lang='lat' dir='ltr'><strong>Heracleis</strong></span> <span class='ocrx_word' id='word_1_195' title='bbox 1007 3723 1112 3799; x_wconf 85' lang='lat' dir='ltr'><strong>patere</strong></span> <span class='ocrx_word' id='word_1_196' title='bbox 1134 3722 1278 3799; x_wconf 84' lang='lat' dir='ltr'><strong>argentea</strong></span> <span class='ocrx_word' id='word_1_197' title='bbox 1299 3736 1356 3799; x_wconf 89' lang='lat' dir='ltr'><strong>pro</strong></span> 
     </span>
     <span class='ocr_line' id='line_1_27' title="bbox 251 3833 481 3919; baseline -0.009 -20"><span class='ocrx_word' id='word_1_198' title='bbox 251 3887 254 3891; x_wconf 15' lang='grc' dir='ltr'><em>Δ</em></span> <span class='ocrx_word' id='word_1_199' title='bbox 334 3833 481 3919; x_wconf 85' lang='lat' dir='ltr'><strong>praemio.</strong></span> 
     </span>
    </p>

    <p class='ocr_par' dir='ltr' id='par_1_5' title="bbox 330 3949 1358 4389">
     <span class='ocr_line' id='line_1_28' title="bbox 382 3949 1358 4035; baseline 0.001 -21"><span class='ocrx_word' id='word_1_200' title='bbox 382 3951 455 4015; x_wconf 80' lang='lat'>138.</span> <span class='ocrx_word' id='word_1_201' title='bbox 490 3949 624 4029; x_wconf 74' lang='grc' dir='ltr'><strong><em>ὀξυρεπεῖ</em></strong></span> <span class='ocrx_word' id='word_1_202' title='bbox 651 3949 722 4031; x_wconf 74' lang='grc' dir='ltr'><strong>δόλῳ</strong></span> <span class='ocrx_word' id='word_1_203' title='bbox 751 3952 876 4017; x_wconf 72' lang='grc' dir='ltr'><strong><em>ἀπτῶτι.</em></strong></span> <span class='ocrx_word' id='word_1_204' title='bbox 917 3949 1081 4035; x_wconf 82' lang='lat' dir='ltr'><strong>Exquisite</strong></span> <span class='ocrx_word' id='word_1_205' title='bbox 1103 3951 1264 4016; x_wconf 81' lang='lat' dir='ltr'><strong>uerborum</strong></span> <span class='ocrx_word' id='word_1_206' title='bbox 1287 3971 1358 4015; x_wconf 90' lang='lat' dir='ltr'><strong>con·</strong></span> 
     </span>
     <span class='ocr_line' id='line_1_29' title="bbox 330 4066 1358 4154; baseline -0.002 -21"><span class='ocrx_word' id='word_1_207' title='bbox 330 4067 492 4154; x_wconf 85' lang='lat' dir='ltr'><strong>junctione</strong></span> <span class='ocrx_word' id='word_1_208' title='bbox 513 4067 698 4151; x_wconf 82' lang='lat' dir='ltr'><strong>exprimitur</strong></span> <span class='ocrx_word' id='word_1_209' title='bbox 719 4067 918 4152; x_wconf 80' lang='lat' dir='ltr'><strong>prurmosti</strong></span> <span class='ocrx_word' id='word_1_210' title='bbox 941 4090 988 4131; x_wconf 85' lang='lat' dir='ltr'><strong>ers</strong></span> <span class='ocrx_word' id='word_1_211' title='bbox 1012 4078 1042 4131; x_wconf 89' lang='lat' dir='ltr'><strong>et</strong></span> <span class='ocrx_word' id='word_1_212' title='bbox 1064 4067 1182 4145; x_wconf 82' lang='lat' dir='ltr'><strong>virtus,</strong></span> <span class='ocrx_word' id='word_1_213' title='bbox 1202 4076 1264 4132; x_wconf 91' lang='lat' dir='ltr'><strong>tam</strong></span> <span class='ocrx_word' id='word_1_214' title='bbox 1283 4066 1358 4131; x_wconf 88' lang='lat' dir='ltr'><strong>cele·</strong></span> 
     </span>
     <span class='ocr_line' id='line_1_30' title="bbox 333 4184 1357 4269; baseline 0 -22"><span class='ocrx_word' id='word_1_215' title='bbox 333 4186 425 4254; x_wconf 80' lang='lat' dir='ltr'><strong>ritate</strong></span> <span class='ocrx_word' id='word_1_216' title='bbox 455 4206 547 4269; x_wconf 87' lang='lat' dir='ltr'><strong>quam</strong></span> <span class='ocrx_word' id='word_1_217' title='bbox 579 4184 721 4247; x_wconf 74' lang='lat' dir='ltr'><strong>firmitate</strong></span> <span class='ocrx_word' id='word_1_218' title='bbox 753 4185 875 4249; x_wconf 81' lang='lat' dir='ltr'><strong>eximis.</strong></span> <span class='ocrx_word' id='word_1_219' title='bbox 919 4185 1014 4257; x_wconf 75' lang='grc' dir='ltr'><strong><em>Δόλις</em></strong></span> <span class='ocrx_word' id='word_1_220' title='bbox 1041 4192 1144 4249; x_wconf 89' lang='lat' dir='ltr'><strong>autern</strong></span> <span class='ocrx_word' id='word_1_221' title='bbox 1169 4206 1231 4249; x_wconf 92' lang='lat' dir='ltr'><strong>non</strong></span> <span class='ocrx_word' id='word_1_222' title='bbox 1254 4184 1357 4268; x_wconf 88' lang='lat' dir='ltr'><strong>ipsum</strong></span> 
     </span>
     <span class='ocr_line' id='line_1_31' title="bbox 334 4301 1266 4389; baseline 0.001 -23"><span class='ocrx_word' id='word_1_223' title='bbox 334 4311 379 4367; x_wconf 89' lang='lat' dir='ltr'><strong>est</strong></span> <span class='ocrx_word' id='word_1_224' title='bbox 401 4302 501 4372; x_wconf 89' lang='lat' dir='ltr'><strong>malae</strong></span> <span class='ocrx_word' id='word_1_225' title='bbox 524 4301 774 4387; x_wconf 75' lang='lat' dir='ltr'><strong>significationis:</strong></span> <span class='ocrx_word' id='word_1_226' title='bbox 800 4303 884 4368; x_wconf 90' lang='lat' dir='ltr'><strong>velut</strong></span> <span class='ocrx_word' id='word_1_227' title='bbox 908 4302 947 4369; x_wconf 91' lang='lat' dir='ltr'><strong>Il.</strong></span> <span class='ocrx_word' id='word_1_228' title='bbox 974 4302 1027 4369; x_wconf 87' lang='lat'><strong>111</strong></span> <span class='ocrx_word' id='word_1_229' title='bbox 1051 4305 1115 4367; x_wconf 71' lang='lat'><strong>202</strong></span> <span class='ocrx_word' id='word_1_230' title='bbox 1142 4302 1266 4389; x_wconf 77' lang='lat' dir='ltr'><strong>Ulysses</strong></span> 
     </span>
    </p>

    <p class='ocr_par' dir='ltr' id='par_1_6' title="bbox 470 4420 1227 4502">
     <span class='ocr_line' id='line_1_32' title="bbox 470 4420 1227 4502; baseline 0.001 -16"><span class='ocrx_word' id='word_1_231' title='bbox 470 4421 548 4493; x_wconf 64' lang='lat' dir='ltr'><strong>etat:</strong></span> <span class='ocrx_word' id='word_1_232' title='bbox 571 4420 724 4493; x_wconf 62' lang='lat' dir='ltr'><strong>ammius</strong></span> <span class='ocrx_word' id='word_1_233' title='bbox 745 4444 781 4488; x_wconf 84' lang='grc' dir='ltr'><strong><em>τε</em></strong></span> <span class='ocrx_word' id='word_1_234' title='bbox 803 4422 903 4493; x_wconf 75' lang='grc' dir='ltr'>δόλους</span> <span class='ocrx_word' id='word_1_235' title='bbox 926 4424 976 4489; x_wconf 67' lang='lat' dir='ltr'><strong>aa}</strong></span> <span class='ocrx_word' id='word_1_236' title='bbox 999 4423 1097 4502; x_wconf 74' lang='grc' dir='ltr'><strong><em>μήδειι</em></strong></span> <span class='ocrx_word' id='word_1_237' title='bbox 1120 4420 1227 4489; x_wconf 63' lang='lat' dir='ltr'><strong>auare.</strong></span> 
     </span>
    </p>
   </div>
   <div class='ocr_carea' id='block_1_3' title="bbox 0 0 1871 5542">
    <p class='ocr_par' dir='ltr' id='par_1_7' title="bbox 0 0 1871 5542">
     <span class='ocr_line' id='line_1_33' title="bbox 0 0 1871 5542; baseline 0 0"><span class='ocrx_word' id='word_1_238' title='bbox 0 0 1871 5542; x_wconf 95' lang='lat' dir='ltr'><strong> </strong></span> 
     </span>
    </p>
   </div>
  </div>
 </body>
</html>
