3725 5542
983 720 1045 779 340

502 917 560 981 ille
583 917 678 982 Poeta
700 920 911 985 memoraverit
935 919 982 982 vel
1005 918 1185 995 crediderit,
1214 940 1252 982 ne
1275 916 1367 982 verbo
1389 914 1513 1001 quidem

508 1036 680 1122 attingitur.

553 1154 652 1238 Magis
682 1156 791 1219 merito
814 1178 850 1219 ex
874 1156 967 1221 tertio
989 1156 1174 1220 documento
1198 1153 1325 1217 Vossius
1347 1151 1512 1227 effecisset,

508 1274 532 1335 si
557 1274 718 1351 voluisset,
743 1274 909 1359 Aethiopas
934 1273 1086 1340 habitasse
1110 1274 1141 1338 in
1164 1272 1306 1357 Liguria,
1331 1270 1461 1355 Ligures
1481 1271 1513 1334 in

508 1390 649 1477 Scythia,
681 1390 826 1477 Scythas,
859 1394 884 1457 si
916 1393 983 1457 Diis
1014 1394 1130 1479 placet,
1159 1392 1192 1477 in
1221 1390 1458 1476 Hippomoigia;
1483 1401 1513 1452 ct

505 1510 584 1573 foret
614 1533 649 1573 ea
680 1512 763 1595 regio
795 1510 862 1575 Diis
893 1511 1129 1596 hominibusque
1160 1520 1279 1596 practer
1303 1508 1446 1573 vossium
1468 1509 1514 1572 in·

505 1629 636 1713 cognita.

544 1745 658 1810 'l'smen
690 1746 781 1811 etiam
812 1747 948 1813 ostendit·
981 1748 1130 1825 Vossius,
1163 1770 1192 1833 p.
1221 1750 1283 1811 154
1306 1768 1407 1832 seqq,
1439 1767 1512 1831 quo

501 1864 592 1928 modo
616 1865 729 1929 factum
754 1866 812 1943 sit,
841 1876 877 1931 ut
899 1866 979 1930 hauc
1001 1865 1039 1930 de
1064 1865 1272 1950 Hyperboreis
1293 1866 1327 1928 iu
1349 1864 1431 1929 felici
1454 1862 1512 1928 Oc·

501 1982 620 2047 sidente
651 1982 861 2047 habitantibus
892 1984 1035 2049 notitiam
1067 1985 1220 2069 acceperit
1248 1982 1421 2061 Hesiodus,
1434 1960 1512 2046 'He

502 2099 629 2165 nodutus
662 2109 763 2166 autem
796 2102 834 2165 de
860 2102 897 2166 iis
920 2102 1116 2167 dubitaverit.
1164 2102 1278 2166 Verum
1301 2123 1337 2165 ea
1359 2112 1391 2165 ct
1412 2100 1511 2165 muita

503 2218 604 2283 Vossii
627 2230 797 2285 commenta
819 2223 960 2305 persequi
983 2219 1060 2285 nihil
1084 2243 1205 2285 necesse
1228 2234 1283 2285 est
1323 2221 1424 2284 Peuce
1445 2229 1510 2283 tan·

502 2346 568 2401 tum
604 2338 677 2403 haec
708 2340 893 2425 disputanda
924 2362 989 2403 csse
1020 2340 1206 2416 existimavi,
1239 2348 1397 2424 propterca
1425 2340 1507 2423 quod

501 2455 626 2520 Pindari
657 2456 760 2521 studio
790 2468 820 2522 et
851 2456 1072 2543 intelligentiae
1103 2479 1164 2522 non
1193 2457 1299 2522 obesse
1327 2456 1458 2543 poterit,
1482 2459 1509 2520 si

502 2574 599 2639 multa
629 2598 732 2639 eorum
765 2575 945 2661 diligentius
974 2577 1191 2661 exquirantur,
1224 2598 1302 2661 quac
1330 2576 1506 2642 Bueckhius

502 2696 545 2756 its
568 2692 745 2759 affirmanda
767 2702 875 2779 putat,
898 2702 935 2759 ut
956 2693 1091 2761 dubitari
1115 2704 1206 2759 vetet.

548 2810 655 2897 Nuper
677 2812 923 2879 Schoenbornius
946 2814 1005 2878 sibi
1028 2812 1235 2877 demonstrare
1257 2816 1341 2878 visus
1361 2824 1423 2891 est,
1444 2814 1507 2899 fly-

500 2930 660 3015 perbereos
695 2932 787 2995 iuisse
822 2930 949 3016 Lycios:
986 2931 1078 2996 ucber
1111 2932 1165 2996 das
1198 2932 1308 2997 Wcscn
1341 2932 1505 3018 Apollons,
1554 2936 1563 2947 ’

503 3048 625 3126 Berlin,
654 3030 755 3127 1854,
781 3074 810 3136 p.
837 3055 878 3117 74
902 3074 986 3137 seqq.

859 3524 1054 3592 OLYMPIA
1089 3528 1144 3591 IV.

545 3756 734 3825 Camerinam
767 3762 931 3828 scholiasta
954 3774 1042 3829 vetus
1065 3765 1102 3828 sd
1126 3764 1176 3829 01
1202 3766 1228 3825 V
1256 3769 1295 3830 16
1319 3767 1413 3831 tradit
1434 3790 1504 3833 con·

498 3876 591 3941 ditum
616 3900 680 3943 esse
704 3877 885 3968 Olympiade
909 3883 1141 3970 quadragesima
1164 3886 1287 3969 quinta,
1315 3896 1380 3951 tum
1404 3911 1422 3951 s
1446 3889 1504 3952 vic·

495 3994 614 4059 toribus
637 3996 833 4082 Syracusanis
856 4002 1040 4068 destructam
1065 4003 1115 4068 Ol.
1138 4002 1247 4083 LVII,
1267 4016 1374 4091 postea
1387 4008 1503 4072 instau-

496 4124 592 4179 ratam
623 4114 674 4183 Ol.
703 4118 863 4201 LXXXV,
887 4126 927 4204 τςῖ·
950 4122 1068 4201 μεταξὺ
1089 4126 1182 4206 χρόνῳ
1203 4127 1268 4190 aad*
1289 4124 1319 4191 ὃν
1340 4124 1502 4203 §simod

494 4240 624 4311 Ψαῦμις.
672 4236 712 4301 ut
735 4240 766 4304 in
790 4240 907 4306 scholio
931 4244 1098 4308 recentiore
1121 4244 1159 4308 ad
1183 4268 1216 4309 vs
1242 4246 1282 4308 19
1305 4244 1422 4331 reliqua
1436 4248 1503 4332 qui·

492 4351 561 4417 dem
590 4354 755 4422 traduntur
781 4359 887 4425 eodem
911 4361 1020 4440 modo,
1044 4385 1147 4427 venem
1172 4364 1354 4427 instauratio
1377 4366 1501 4449 ponitur

494 4467 543 4533 ΟΙ.
570 4469 740 4561 LXXXII,
770 4477 887 4557 μετκξὺ
913 4488 965 4548 τοῦ
988 4485 1108 4562 χρόνον,
1132 4484 1196 4547 καθ’
1218 4481 1248 4547 ὃν
1272 4490 1390 4561 Ψαῦμις
1414 4486 1500 4561 evim·
