<?xml version="1.0" encoding="UTF-8"?>
<!DOCTYPE html PUBLIC "-//W3C//DTD XHTML 1.0 Transitional//EN"
    "http://www.w3.org/TR/xhtml1/DTD/xhtml1-transitional.dtd">
<html xmlns="http://www.w3.org/1999/xhtml" xml:lang="en" lang="en">
 <head>
  <title>
</title>
<meta http-equiv="Content-Type" content="text/html;charset=utf-8" />
  <meta name='ocr-system' content='tesseract 3.04.00' />
  <meta name='ocr-capabilities' content='ocr_page ocr_carea ocr_par ocr_line ocrx_word'/>
</head>
<body>
  <div class='ocr_page' id='page_1' title='image "./pindaricarminao01pindgoog_0371.png"; bbox 0 0 3725 5542; ppageno 0'>
   <div class='ocr_carea' id='block_1_1' title="bbox 865 693 926 754">
    <p class='ocr_par' dir='ltr' id='par_1_1' title="bbox 865 693 926 754">
     <span class='ocr_line' id='line_1_1' title="bbox 865 693 926 754; baseline 0.016 -1"><span class='ocrx_word' id='word_1_1' title='bbox 865 693 926 754; x_wconf 75' lang='lat'><strong>357</strong></span> 
     </span>
    </p>
   </div>
   <div class='ocr_carea' id='block_1_2' title="bbox 384 882 1396 1933">
    <p class='ocr_par' dir='ltr' id='par_1_2' title="bbox 385 882 1396 1575">
     <span class='ocr_line' id='line_1_2' title="bbox 387 882 1395 980; baseline 0.001 -23"><span class='ocrx_word' id='word_1_2' title='bbox 387 902 466 959; x_wconf 87' lang='lat' dir='ltr'><strong>tasse</strong></span> <span class='ocrx_word' id='word_1_3' title='bbox 498 918 548 973; x_wconf 85' lang='lat' dir='ltr'><strong>ea,</strong></span> <span class='ocrx_word' id='word_1_4' title='bbox 581 916 658 979; x_wconf 90' lang='lat' dir='ltr'><strong>quae</strong></span> <span class='ocrx_word' id='word_1_5' title='bbox 682 893 719 957; x_wconf 89' lang='lat' dir='ltr'><strong>dc</strong></span> <span class='ocrx_word' id='word_1_6' title='bbox 742 896 884 959; x_wconf 79' lang='lat' dir='ltr'><strong>carminis</strong></span> <span class='ocrx_word' id='word_1_7' title='bbox 907 896 1010 979; x_wconf 89' lang='lat' dir='ltr'><strong>quarti</strong></span> <span class='ocrx_word' id='word_1_8' title='bbox 1033 882 1213 979; x_wconf 75' lang='lat' dir='ltr'><strong>argumento</strong></span> <span class='ocrx_word' id='word_1_9' title='bbox 1237 895 1395 980; x_wconf 84' lang='lat' dir='ltr'><strong>disputata</strong></span> 
     </span>
     <span class='ocr_line' id='line_1_3' title="bbox 387 1012 1396 1099; baseline 0.003 -23"><span class='ocrx_word' id='word_1_10' title='bbox 387 1036 405 1075; x_wconf 90' lang='lat' dir='ltr'><strong>a</strong></span> <span class='ocrx_word' id='word_1_11' title='bbox 434 1012 521 1095; x_wconf 78' lang='lat' dir='ltr'><strong>nobis</strong></span> <span class='ocrx_word' id='word_1_12' title='bbox 553 1020 643 1090; x_wconf 88' lang='lat' dir='ltr'><strong>suut,</strong></span> <span class='ocrx_word' id='word_1_13' title='bbox 670 1012 833 1099; x_wconf 88' lang='lat' dir='ltr'><strong>rejicienda</strong></span> <span class='ocrx_word' id='word_1_14' title='bbox 856 1021 963 1092; x_wconf 86' lang='lat' dir='ltr'><strong>erunt,</strong></span> <span class='ocrx_word' id='word_1_15' title='bbox 988 1021 1019 1077; x_wconf 90' lang='lat' dir='ltr'><strong>et</strong></span> <span class='ocrx_word' id='word_1_16' title='bbox 1042 1014 1074 1077; x_wconf 88' lang='lat' dir='ltr'><strong>id</strong></span> <span class='ocrx_word' id='word_1_17' title='bbox 1096 1036 1217 1078; x_wconf 90' lang='lat' dir='ltr'><strong>carmen</strong></span> <span class='ocrx_word' id='word_1_18' title='bbox 1240 1014 1279 1079; x_wconf 83' lang='lat' dir='ltr'><strong>ad</strong></span> <span class='ocrx_word' id='word_1_19' title='bbox 1302 1016 1396 1079; x_wconf 86' lang='lat' dir='ltr'><strong>victo·</strong></span> 
     </span>
     <span class='ocr_line' id='line_1_4' title="bbox 386 1130 1391 1219; baseline 0.003 -24"><span class='ocrx_word' id='word_1_20' title='bbox 386 1132 461 1196; x_wconf 90' lang='lat' dir='ltr'><strong>riam</strong></span> <span class='ocrx_word' id='word_1_21' title='bbox 480 1130 637 1216; x_wconf 80' lang='lat' dir='ltr'><strong>quadrigis</strong></span> <span class='ocrx_word' id='word_1_22' title='bbox 652 1141 835 1217; x_wconf 79' lang='lat' dir='ltr'><strong>reportatam</strong></span> <span class='ocrx_word' id='word_1_23' title='bbox 853 1133 1036 1218; x_wconf 79' lang='lat' dir='ltr'>pertinuisse</span> <span class='ocrx_word' id='word_1_24' title='bbox 1051 1133 1224 1219; x_wconf 87' lang='lat' dir='ltr'><strong>putandum</strong></span> <span class='ocrx_word' id='word_1_25' title='bbox 1241 1135 1308 1199; x_wconf 70' lang='lat' dir='ltr'><strong>erit,</strong></span> <span class='ocrx_word' id='word_1_26' title='bbox 1332 1134 1391 1198; x_wconf 80' lang='lat' dir='ltr'><strong>sed</strong></span> 
     </span>
     <span class='ocr_line' id='line_1_5' title="bbox 385 1250 1391 1337; baseline 0.004 -24"><span class='ocrx_word' id='word_1_27' title='bbox 385 1250 504 1315; x_wconf 87' lang='lat' dir='ltr'><strong>nullum</strong></span> <span class='ocrx_word' id='word_1_28' title='bbox 536 1258 748 1336; x_wconf 75' lang='lat' dir='ltr'><strong>argumentum</strong></span> <span class='ocrx_word' id='word_1_29' title='bbox 780 1250 883 1329; x_wconf 87' lang='lat' dir='ltr'><strong>video,</strong></span> <span class='ocrx_word' id='word_1_30' title='bbox 916 1274 1011 1337; x_wconf 86' lang='lat' dir='ltr'><strong>quare</strong></span> <span class='ocrx_word' id='word_1_31' title='bbox 1042 1274 1078 1315; x_wconf 90' lang='lat' dir='ltr'><strong>ec</strong></span> <span class='ocrx_word' id='word_1_32' title='bbox 1100 1274 1195 1316; x_wconf 89' lang='lat' dir='ltr'><strong>numo</strong></span> <span class='ocrx_word' id='word_1_33' title='bbox 1218 1252 1391 1317; x_wconf 88' lang='lat' dir='ltr'><strong>Psaumidis</strong></span> 
     </span>
     <span class='ocr_line' id='line_1_6' title="bbox 386 1370 1391 1438; baseline 0.004 -5"><span class='ocrx_word' id='word_1_34' title='bbox 386 1370 511 1434; x_wconf 83' lang='lat' dir='ltr'><strong>victoria</strong></span> <span class='ocrx_word' id='word_1_35' title='bbox 533 1370 684 1435; x_wconf 86' lang='lat' dir='ltr'><strong>celebrata</strong></span> <span class='ocrx_word' id='word_1_36' title='bbox 706 1371 800 1435; x_wconf 86' lang='lat' dir='ltr'><strong>fuisse</strong></span> <span class='ocrx_word' id='word_1_37' title='bbox 822 1371 1020 1435; x_wconf 86' lang='lat' dir='ltr'><strong>existimetur.</strong></span> <span class='ocrx_word' id='word_1_38' title='bbox 1043 1370 1102 1434; x_wconf 84' lang='lat' dir='ltr'><strong>Est</strong></span> <span class='ocrx_word' id='word_1_39' title='bbox 1120 1380 1221 1436; x_wconf 86' lang='lat' dir='ltr'><strong>aut-em</strong></span> <span class='ocrx_word' id='word_1_40' title='bbox 1237 1373 1268 1437; x_wconf 92' lang='lat' dir='ltr'><strong>in</strong></span> <span class='ocrx_word' id='word_1_41' title='bbox 1286 1374 1391 1438; x_wconf 89' lang='lat' dir='ltr'><strong>eodem</strong></span> 
     </span>
     <span class='ocr_line' id='line_1_7' title="bbox 385 1489 1190 1575; baseline 0.004 -23"><span class='ocrx_word' id='word_1_42' title='bbox 385 1511 478 1554; x_wconf 88' lang='lat' dir='ltr'><strong>numo</strong></span> <span class='ocrx_word' id='word_1_43' title='bbox 501 1490 533 1553; x_wconf 90' lang='lat' dir='ltr'><strong>iu</strong></span> <span class='ocrx_word' id='word_1_44' title='bbox 556 1490 618 1554; x_wconf 91' lang='lat' dir='ltr'><strong>ima</strong></span> <span class='ocrx_word' id='word_1_45' title='bbox 640 1496 725 1575; x_wconf 81' lang='lat' dir='ltr'><strong>parte</strong></span> <span class='ocrx_word' id='word_1_46' title='bbox 748 1489 872 1575; x_wconf 80' lang='lat' dir='ltr'><strong>Cygnus</strong></span> <span class='ocrx_word' id='word_1_47' title='bbox 897 1490 942 1554; x_wconf 80' lang='lat' dir='ltr'><strong>vel</strong></span> <span class='ocrx_word' id='word_1_48' title='bbox 966 1490 1056 1555; x_wconf 82' lang='lat' dir='ltr'><strong>binae</strong></span> <span class='ocrx_word' id='word_1_49' title='bbox 1078 1489 1190 1555; x_wconf 89' lang='lat' dir='ltr'><strong>diotae.</strong></span> 
     </span>
    </p>

    <p class='ocr_par' dir='ltr' id='par_1_3' title="bbox 384 1607 1391 1933">
     <span class='ocr_line' id='line_1_8' title="bbox 430 1607 1390 1695; baseline 0.004 -25"><span class='ocrx_word' id='word_1_50' title='bbox 430 1610 459 1671; x_wconf 83' lang='lat'><strong>5.</strong></span> <span class='ocrx_word' id='word_1_51' title='bbox 495 1607 597 1689; x_wconf 72' lang='grc' dir='ltr'><strong><em>καρδίᾳ</em></strong></span> <span class='ocrx_word' id='word_1_52' title='bbox 626 1615 757 1686; x_wconf 69' lang='grc' dir='ltr'><strong>γελανεῖ.</strong></span> <span class='ocrx_word' id='word_1_53' title='bbox 792 1608 830 1673; x_wconf 90' lang='lat' dir='ltr'><strong>In</strong></span> <span class='ocrx_word' id='word_1_54' title='bbox 862 1609 1115 1693; x_wconf 83' lang='lat' dir='ltr'><strong>interpretatione</strong></span> <span class='ocrx_word' id='word_1_55' title='bbox 1147 1608 1260 1673; x_wconf 88' lang='lat' dir='ltr'><strong>Latina</strong></span> <span class='ocrx_word' id='word_1_56' title='bbox 1283 1610 1390 1695; x_wconf 79' lang='lat' dir='ltr'><strong>scripsi</strong></span> 
     </span>
     <span class='ocr_line' id='line_1_9' title="bbox 384 1724 1391 1812; baseline 0.003 -21"><span class='ocrx_word' id='word_1_57' title='bbox 384 1724 474 1791; x_wconf 90' lang='lat' dir='ltr'><strong>eorde</strong></span> <span class='ocrx_word' id='word_1_58' title='bbox 498 1725 607 1790; x_wconf 89' lang='lat' dir='ltr'><strong>hilari:</strong></span> <span class='ocrx_word' id='word_1_59' title='bbox 637 1749 693 1791; x_wconf 89' lang='lat' dir='ltr'><strong>uec</strong></span> <span class='ocrx_word' id='word_1_60' title='bbox 718 1727 813 1791; x_wconf 89' lang='lat' dir='ltr'><strong>male:</strong></span> <span class='ocrx_word' id='word_1_61' title='bbox 838 1726 892 1791; x_wconf 84' lang='lat' dir='ltr'><strong>aed</strong></span> <span class='ocrx_word' id='word_1_62' title='bbox 916 1728 1067 1812; x_wconf 80' lang='lat' dir='ltr'><strong>exquisite</strong></span> <span class='ocrx_word' id='word_1_63' title='bbox 1089 1734 1192 1793; x_wconf 86' lang='lat' dir='ltr'><strong>tamen</strong></span> <span class='ocrx_word' id='word_1_64' title='bbox 1216 1728 1310 1793; x_wconf 87' lang='lat' dir='ltr'><strong>Poeta</strong></span> <span class='ocrx_word' id='word_1_65' title='bbox 1333 1730 1391 1794; x_wconf 87' lang='lat' dir='ltr'><strong>hoc</strong></span> 
     </span>
     <span class='ocr_line' id='line_1_10' title="bbox 384 1845 1391 1933; baseline 0.005 -26"><span class='ocrx_word' id='word_1_66' title='bbox 384 1845 533 1910; x_wconf 88' lang='lat' dir='ltr'><strong>vocabulo</strong></span> <span class='ocrx_word' id='word_1_67' title='bbox 559 1846 656 1911; x_wconf 88' lang='lat' dir='ltr'><strong>utitur</strong></span> <span class='ocrx_word' id='word_1_68' title='bbox 678 1846 710 1911; x_wconf 87' lang='lat' dir='ltr'><strong>in</strong></span> <span class='ocrx_word' id='word_1_69' title='bbox 735 1845 896 1932; x_wconf 83' lang='lat' dir='ltr'><strong>Nymphae</strong></span> <span class='ocrx_word' id='word_1_70' title='bbox 920 1847 1067 1931; x_wconf 78' lang='lat' dir='ltr'><strong>palustris</strong></span> <span class='ocrx_word' id='word_1_71' title='bbox 1091 1847 1310 1933; x_wconf 86' lang='lat' dir='ltr'><strong>appellatione,</strong></span> <span class='ocrx_word' id='word_1_72' title='bbox 1331 1848 1391 1933; x_wconf 84' lang='lat' dir='ltr'><strong>aig·</strong></span> 
     </span>
    </p>
   </div>
   <div class='ocr_carea' id='block_1_3' title="bbox 384 1964 1508 2053">
    <p class='ocr_par' dir='ltr' id='par_1_4' title="bbox 384 1964 1508 2053">
     <span class='ocr_line' id='line_1_11' title="bbox 384 1964 1508 2053; baseline 0.003 -24"><span class='ocrx_word' id='word_1_73' title='bbox 384 1964 509 2029; x_wconf 89' lang='lat' dir='ltr'><strong>nificans</strong></span> <span class='ocrx_word' id='word_1_74' title='bbox 545 1986 611 2029; x_wconf 87' lang='lat' dir='ltr'><strong>eam</strong></span> <span class='ocrx_word' id='word_1_75' title='bbox 646 1965 849 2043; x_wconf 88' lang='lat' dir='ltr'><strong>hilaritatem,</strong></span> <span class='ocrx_word' id='word_1_76' title='bbox 886 1988 971 2052; x_wconf 59' lang='lat' dir='ltr'><strong>quae=</strong></span> <span class='ocrx_word' id='word_1_77' title='bbox 998 1988 1069 2031; x_wconf 90' lang='lat' dir='ltr'><strong>cum</strong></span> <span class='ocrx_word' id='word_1_78' title='bbox 1103 1966 1325 2053; x_wconf 87' lang='lat' dir='ltr'><strong>tranquillitate</strong></span> <span class='ocrx_word' id='word_1_79' title='bbox 1360 1976 1390 2032; x_wconf 91' lang='lat' dir='ltr'><strong>et</strong></span> <span class='ocrx_word' id='word_1_80' title='bbox 1504 2008 1508 2013; x_wconf 85' lang='lat'><strong>.</strong></span> 
     </span>
    </p>
   </div>
   <div class='ocr_carea' id='block_1_4' title="bbox 382 2083 1389 2644">
    <p class='ocr_par' dir='ltr' id='par_1_5' title="bbox 382 2083 1389 2644">
     <span class='ocr_line' id='line_1_12' title="bbox 383 2083 1389 2168; baseline 0.005 -23"><span class='ocrx_word' id='word_1_81' title='bbox 383 2084 545 2147; x_wconf 85' lang='lat' dir='ltr'><strong>seueritate</strong></span> <span class='ocrx_word' id='word_1_82' title='bbox 569 2084 732 2168; x_wconf 82' lang='lat' dir='ltr'><strong>conjuncta</strong></span> <span class='ocrx_word' id='word_1_83' title='bbox 754 2092 809 2149; x_wconf 86' lang='lat' dir='ltr'><strong>est.</strong></span> <span class='ocrx_word' id='word_1_84' title='bbox 835 2083 914 2148; x_wconf 91' lang='lat' dir='ltr'><strong>Nam</strong></span> <span class='ocrx_word' id='word_1_85' title='bbox 939 2083 1061 2149; x_wconf 90' lang='lat' dir='ltr'><strong>videtur</strong></span> <span class='ocrx_word' id='word_1_86' title='bbox 1082 2086 1207 2149; x_wconf 89' lang='lat' dir='ltr'><strong>omnino</strong></span> <span class='ocrx_word' id='word_1_87' title='bbox 1230 2085 1288 2150; x_wconf 90' lang='lat' dir='ltr'><strong>hoe</strong></span> <span class='ocrx_word' id='word_1_88' title='bbox 1305 2108 1389 2150; x_wconf 86' lang='lat' dir='ltr'><strong>voca·</strong></span> 
     </span>
     <span class='ocr_line' id='line_1_13' title="bbox 384 2202 1388 2289; baseline 0.002 -22"><span class='ocrx_word' id='word_1_89' title='bbox 384 2202 490 2267; x_wconf 90' lang='lat' dir='ltr'><strong>bulum</strong></span> <span class='ocrx_word' id='word_1_90' title='bbox 514 2212 680 2289; x_wconf 79' lang='lat' dir='ltr'><strong>cognatum</strong></span> <span class='ocrx_word' id='word_1_91' title='bbox 703 2226 767 2269; x_wconf 81' lang='lat' dir='ltr'><strong>esse</strong></span> <span class='ocrx_word' id='word_1_92' title='bbox 790 2212 820 2268; x_wconf 89' lang='lat' dir='ltr'><strong>et</strong></span> <span class='ocrx_word' id='word_1_93' title='bbox 843 2205 1004 2269; x_wconf 85' lang='lat' dir='ltr'><strong>convenire</strong></span> <span class='ocrx_word' id='word_1_94' title='bbox 1026 2226 1097 2270; x_wconf 92' lang='lat' dir='ltr'><strong>cum</strong></span> <span class='ocrx_word' id='word_1_95' title='bbox 1120 2204 1313 2270; x_wconf 83' lang='lat' dir='ltr'><strong>substantivo</strong></span> <span class='ocrx_word' id='word_1_96' title='bbox 1331 2230 1388 2285; x_wconf 53' lang='lat' dir='ltr'><strong>yae</strong></span> 
     </span>
     <span class='ocr_line' id='line_1_14' title="bbox 382 2322 1388 2409; baseline 0.004 -24"><span class='ocrx_word' id='word_1_97' title='bbox 382 2322 470 2396; x_wconf 73' lang='grc' dir='ltr'><em>λήνηε</em></span> <span class='ocrx_word' id='word_1_98' title='bbox 504 2344 581 2405; x_wconf 85' lang='lat' dir='ltr'><strong>quae</strong></span> <span class='ocrx_word' id='word_1_99' title='bbox 613 2322 687 2406; x_wconf 91' lang='lat' dir='ltr'><strong>quid</strong></span> <span class='ocrx_word' id='word_1_100' title='bbox 719 2322 886 2407; x_wconf 84' lang='lat' dir='ltr'><strong>significet,</strong></span> <span class='ocrx_word' id='word_1_101' title='bbox 920 2324 1040 2409; x_wconf 80' lang='lat' dir='ltr'><strong>egregie</strong></span> <span class='ocrx_word' id='word_1_102' title='bbox 1071 2346 1247 2409; x_wconf 84' lang='lat' dir='ltr'><strong>expressum</strong></span> <span class='ocrx_word' id='word_1_103' title='bbox 1277 2333 1324 2389; x_wconf 86' lang='lat' dir='ltr'><strong>est</strong></span> <span class='ocrx_word' id='word_1_104' title='bbox 1350 2325 1388 2390; x_wconf 84' lang='lat' dir='ltr'><strong>ab</strong></span> 
     </span>
     <span class='ocr_line' id='line_1_15' title="bbox 383 2438 1386 2527; baseline 0.007 -25"><span class='ocrx_word' id='word_1_105' title='bbox 383 2438 535 2517; x_wconf 89' lang='lat' dir='ltr'><strong>Homero,</strong></span> <span class='ocrx_word' id='word_1_106' title='bbox 572 2462 667 2525; x_wconf 91' lang='lat' dir='ltr'><strong>quum</strong></span> <span class='ocrx_word' id='word_1_107' title='bbox 703 2440 830 2505; x_wconf 78' lang='lat' dir='ltr'><strong>Fluvios</strong></span> <span class='ocrx_word' id='word_1_108' title='bbox 865 2440 984 2506; x_wconf 86' lang='lat' dir='ltr'><strong>insulae</strong></span> <span class='ocrx_word' id='word_1_109' title='bbox 1017 2441 1209 2520; x_wconf 90' lang='lat' dir='ltr'><strong>Phaeacum,</strong></span> <span class='ocrx_word' id='word_1_110' title='bbox 1244 2442 1386 2527; x_wconf 78' lang='lat' dir='ltr'><strong>Ulyssem</strong></span> 
     </span>
     <span class='ocr_line' id='line_1_16' title="bbox 383 2558 748 2644; baseline 0.003 -22"><span class='ocrx_word' id='word_1_111' title='bbox 383 2558 504 2623; x_wconf 84' lang='lat' dir='ltr'><strong>servans</strong></span> <span class='ocrx_word' id='word_1_112' title='bbox 528 2566 559 2623; x_wconf 89' lang='lat' dir='ltr'><strong>et</strong></span> <span class='ocrx_word' id='word_1_113' title='bbox 582 2559 748 2644; x_wconf 88' lang='lat' dir='ltr'><strong>recipiens,</strong></span> 
     </span>
    </p>
   </div>
   <div class='ocr_carea' id='block_1_5' title="bbox 603 2677 1154 2760">
    <p class='ocr_par' dir='ltr' id='par_1_6' title="bbox 603 2677 1154 2760">
     <span class='ocr_line' id='line_1_17' title="bbox 603 2677 1154 2760; baseline 0.005 -17"><span class='ocrx_word' id='word_1_114' title='bbox 603 2685 716 2744; x_wconf 76' lang='grc' dir='ltr'><strong><em>σσῦσεν</em></strong></span> <span class='ocrx_word' id='word_1_115' title='bbox 739 2678 782 2743; x_wconf 79' lang='grc' dir='ltr'><strong>ἑὸν</strong></span> <span class='ocrx_word' id='word_1_116' title='bbox 804 2678 879 2760; x_wconf 73' lang='grc' dir='ltr'><em>ῥόον,</em></span> <span class='ocrx_word' id='word_1_117' title='bbox 902 2677 977 2759; x_wconf 81' lang='grc' dir='ltr'><strong><em>ἔσχε</em></strong></span> <span class='ocrx_word' id='word_1_118' title='bbox 1000 2678 1030 2742; x_wconf 76' lang='grc' dir='ltr'><strong>δὲ</strong></span> <span class='ocrx_word' id='word_1_119' title='bbox 1051 2683 1154 2757; x_wconf 73' lang='grc' dir='ltr'><em>κῦμα,</em></span> 
     </span>
    </p>
   </div>
   <div class='ocr_carea' id='block_1_6' title="bbox 378 2796 1495 4541">
    <p class='ocr_par' dir='ltr' id='par_1_7' title="bbox 381 2796 1495 3357">
     <span class='ocr_line' id='line_1_18' title="bbox 470 2796 1242 2879; baseline 0.003 -18"><span class='ocrx_word' id='word_1_120' title='bbox 470 2796 572 2875; x_wconf 72' lang='grc' dir='ltr'><strong><em>πρόσθε</em></strong></span> <span class='ocrx_word' id='word_1_121' title='bbox 595 2796 624 2863; x_wconf 75' lang='grc' dir='ltr'><strong>δέ</strong></span> <span class='ocrx_word' id='word_1_122' title='bbox 647 2798 670 2861; x_wconf 80' lang='lat' dir='ltr'><strong>ci</strong></span> <span class='ocrx_word' id='word_1_123' title='bbox 694 2798 794 2872; x_wconf 75' lang='grc' dir='ltr'><strong><em>ποίησε</em></strong></span> <span class='ocrx_word' id='word_1_124' title='bbox 815 2798 948 2875; x_wconf 70' lang='grc' dir='ltr'><strong>γαλήνην</strong></span> <span class='ocrx_word' id='word_1_125' title='bbox 955 2846 965 2879; x_wconf 88' lang='grc'><strong><em>,</em></strong></span> <span class='ocrx_word' id='word_1_126' title='bbox 989 2796 1038 2861; x_wconf 79' lang='grc' dir='ltr'><strong>τὸν</strong></span> <span class='ocrx_word' id='word_1_127' title='bbox 1060 2797 1084 2861; x_wconf 75' lang='grc' dir='ltr'><strong>δ’</strong></span> <span class='ocrx_word' id='word_1_128' title='bbox 1106 2798 1242 2863; x_wconf 79' lang='grc' dir='ltr'><strong>ε’σνίωσεν.</strong></span> 
     </span>
     <span class='ocr_line' id='line_1_19' title="bbox 382 2912 1386 3002; baseline 0.005 -25"><span class='ocrx_word' id='word_1_129' title='bbox 382 2912 443 2985; x_wconf 76' lang='lat' dir='ltr'><strong>Od.</strong></span> <span class='ocrx_word' id='word_1_130' title='bbox 466 2914 494 2973; x_wconf 84' lang='lat' dir='ltr'>V</span> <span class='ocrx_word' id='word_1_131' title='bbox 518 2918 593 2980; x_wconf 78' lang='lat'><strong>452.</strong></span> <span class='ocrx_word' id='word_1_132' title='bbox 641 2916 681 2980; x_wconf 82' lang='lat' dir='ltr'><strong>nt</strong></span> <span class='ocrx_word' id='word_1_133' title='bbox 711 2916 803 2981; x_wconf 85' lang='lat' dir='ltr'><strong>semel</strong></span> <span class='ocrx_word' id='word_1_134' title='bbox 827 2921 946 3000; x_wconf 87' lang='lat' dir='ltr'><strong>praeter</strong></span> <span class='ocrx_word' id='word_1_135' title='bbox 968 2914 1052 2979; x_wconf 92' lang='lat' dir='ltr'><strong>huuc</strong></span> <span class='ocrx_word' id='word_1_136' title='bbox 1075 2915 1177 2981; x_wconf 92' lang='lat' dir='ltr'><strong>locum</strong></span> <span class='ocrx_word' id='word_1_137' title='bbox 1202 2916 1386 3002; x_wconf 83' lang='lat' dir='ltr'><strong>adjectivum</strong></span> 
     </span>
     <span class='ocr_line' id='line_1_20' title="bbox 381 3015 1495 3120; baseline 0.004 -24"><span class='ocrx_word' id='word_1_138' title='bbox 381 3035 526 3112; x_wconf 68' lang='grc' dir='ltr'><strong>γελανὴς,</strong></span> <span class='ocrx_word' id='word_1_139' title='bbox 560 3041 707 3120; x_wconf 83' lang='lat' dir='ltr'><strong>quantum</strong></span> <span class='ocrx_word' id='word_1_140' title='bbox 740 3035 820 3113; x_wconf 89' lang='lat' dir='ltr'><strong>scio,</strong></span> <span class='ocrx_word' id='word_1_141' title='bbox 853 3035 1019 3120; x_wconf 84' lang='lat' dir='ltr'><strong>reperitur,</strong></span> <span class='ocrx_word' id='word_1_142' title='bbox 1052 3033 1106 3120; x_wconf 92' lang='lat' dir='ltr'><strong>Py.</strong></span> <span class='ocrx_word' id='word_1_143' title='bbox 1130 3034 1178 3099; x_wconf 79' lang='lat' dir='ltr'><strong>IV</strong></span> <span class='ocrx_word' id='word_1_144' title='bbox 1201 3038 1284 3113; x_wconf 75' lang='lat'><strong>322,</strong></span> <span class='ocrx_word' id='word_1_145' title='bbox 1307 3036 1385 3118; x_wconf 72' lang='grc' dir='ltr'><em>θυμῷ</em></span> <span class='ocrx_word' id='word_1_146' title='bbox 1491 3015 1495 3029; x_wconf 52' lang='grc'><strong>’</strong></span> 
     </span>
     <span class='ocr_line' id='line_1_21' title="bbox 381 3152 1386 3239; baseline 0.003 -24"><span class='ocrx_word' id='word_1_147' title='bbox 381 3159 519 3227; x_wconf 62' lang='lat' dir='ltr'><strong>nemaei:</strong></span> <span class='ocrx_word' id='word_1_148' title='bbox 542 3153 575 3217; x_wconf 92' lang='lat' dir='ltr'><strong>in</strong></span> <span class='ocrx_word' id='word_1_149' title='bbox 598 3175 661 3237; x_wconf 92' lang='lat' dir='ltr'><strong>quo</strong></span> <span class='ocrx_word' id='word_1_150' title='bbox 683 3152 877 3217; x_wconf 89' lang='lat' dir='ltr'><strong>memorabile</strong></span> <span class='ocrx_word' id='word_1_151' title='bbox 900 3160 964 3231; x_wconf 88' lang='lat' dir='ltr'><strong>eat,</strong></span> <span class='ocrx_word' id='word_1_152' title='bbox 989 3152 1144 3238; x_wconf 88' lang='lat' dir='ltr'><strong>quomodo</strong></span> <span class='ocrx_word' id='word_1_153' title='bbox 1167 3154 1218 3218; x_wconf 93' lang='lat' dir='ltr'><strong>hic</strong></span> <span class='ocrx_word' id='word_1_154' title='bbox 1237 3154 1275 3218; x_wconf 88' lang='lat' dir='ltr'><strong>de</strong></span> <span class='ocrx_word' id='word_1_155' title='bbox 1290 3152 1386 3239; x_wconf 91' lang='lat' dir='ltr'><strong>Nym·</strong></span> 
     </span>
     <span class='ocr_line' id='line_1_22' title="bbox 383 3268 1302 3357; baseline 0.005 -26"><span class='ocrx_word' id='word_1_156' title='bbox 383 3268 444 3353; x_wconf 91' lang='lat' dir='ltr'><strong>pha</strong></span> <span class='ocrx_word' id='word_1_157' title='bbox 466 3270 613 3354; x_wconf 85' lang='lat' dir='ltr'><strong>palustri,</strong></span> <span class='ocrx_word' id='word_1_158' title='bbox 638 3271 681 3335; x_wconf 86' lang='lat' dir='ltr'><strong>sic</strong></span> <span class='ocrx_word' id='word_1_159' title='bbox 705 3270 748 3335; x_wconf 94' lang='lat' dir='ltr'><strong>ibi</strong></span> <span class='ocrx_word' id='word_1_160' title='bbox 772 3271 809 3335; x_wconf 87' lang='lat' dir='ltr'><strong>de</strong></span> <span class='ocrx_word' id='word_1_161' title='bbox 833 3293 902 3357; x_wconf 82' lang='lat' dir='ltr'><strong>rege</strong></span> <span class='ocrx_word' id='word_1_162' title='bbox 926 3279 1087 3336; x_wconf 87' lang='lat' dir='ltr'><strong>ventorum</strong></span> <span class='ocrx_word' id='word_1_163' title='bbox 1110 3271 1210 3337; x_wconf 87' lang='lat' dir='ltr'><strong>Borea</strong></span> <span class='ocrx_word' id='word_1_164' title='bbox 1232 3271 1302 3336; x_wconf 89' lang='lat' dir='ltr'><strong>dici.</strong></span> 
     </span>
    </p>

    <p class='ocr_par' dir='ltr' id='par_1_8' title="bbox 378 3388 1387 4294">
     <span class='ocr_line' id='line_1_23' title="bbox 427 3388 1387 3476; baseline 0.001 -24"><span class='ocrx_word' id='word_1_165' title='bbox 427 3391 456 3453; x_wconf 89' lang='lat'><strong>6.</strong></span> <span class='ocrx_word' id='word_1_166' title='bbox 492 3388 581 3454; x_wconf 92' lang='lat' dir='ltr'><strong>Dona</strong></span> <span class='ocrx_word' id='word_1_167' title='bbox 619 3388 731 3453; x_wconf 89' lang='lat' dir='ltr'><strong>rhedae</strong></span> <span class='ocrx_word' id='word_1_168' title='bbox 769 3398 800 3453; x_wconf 90' lang='lat' dir='ltr'><strong>et</strong></span> <span class='ocrx_word' id='word_1_169' title='bbox 834 3389 1024 3467; x_wconf 80' lang='lat' dir='ltr'><strong>Psaumidis,</strong></span> <span class='ocrx_word' id='word_1_170' title='bbox 1059 3413 1137 3476; x_wconf 89' lang='lat' dir='ltr'><strong>quae</strong></span> <span class='ocrx_word' id='word_1_171' title='bbox 1172 3390 1267 3455; x_wconf 87' lang='lat' dir='ltr'><strong>Poeta</strong></span> <span class='ocrx_word' id='word_1_172' title='bbox 1300 3390 1387 3476; x_wconf 80' lang='lat' dir='ltr'><strong>quasi</strong></span> 
     </span>
     <span class='ocr_line' id='line_1_24' title="bbox 380 3506 1384 3595; baseline 0.001 -24"><span class='ocrx_word' id='word_1_173' title='bbox 380 3507 574 3573; x_wconf 87' lang='lat' dir='ltr'><strong>commendat</strong></span> <span class='ocrx_word' id='word_1_174' title='bbox 606 3506 768 3594; x_wconf 88' lang='lat' dir='ltr'><strong>Nymphae</strong></span> <span class='ocrx_word' id='word_1_175' title='bbox 799 3518 830 3573; x_wconf 87' lang='lat' dir='ltr'><strong>et</strong></span> <span class='ocrx_word' id='word_1_176' title='bbox 861 3508 899 3573; x_wconf 89' lang='lat' dir='ltr'><strong>ab</strong></span> <span class='ocrx_word' id='word_1_177' title='bbox 931 3531 967 3573; x_wconf 89' lang='lat' dir='ltr'><strong>ea</strong></span> <span class='ocrx_word' id='word_1_178' title='bbox 997 3509 1128 3593; x_wconf 79' lang='lat' dir='ltr'><strong>benigne</strong></span> <span class='ocrx_word' id='word_1_179' title='bbox 1159 3509 1245 3594; x_wconf 90' lang='lat' dir='ltr'><strong>cupit</strong></span> <span class='ocrx_word' id='word_1_180' title='bbox 1274 3508 1384 3595; x_wconf 90' lang='lat' dir='ltr'><strong>recipi,</strong></span> 
     </span>
     <span class='ocr_line' id='line_1_25' title="bbox 380 3627 1387 3714; baseline 0.001 -23"><span class='ocrx_word' id='word_1_181' title='bbox 380 3635 452 3691; x_wconf 86' lang='lat' dir='ltr'><strong>aunt</strong></span> <span class='ocrx_word' id='word_1_182' title='bbox 481 3650 518 3692; x_wconf 90' lang='lat' dir='ltr'><strong>ea</strong></span> <span class='ocrx_word' id='word_1_183' title='bbox 546 3627 613 3713; x_wconf 86' lang='lat' dir='ltr'><strong>ipsa</strong></span> <span class='ocrx_word' id='word_1_184' title='bbox 643 3627 711 3691; x_wconf 85' lang='lat' dir='ltr'><strong>laus</strong></span> <span class='ocrx_word' id='word_1_185' title='bbox 735 3628 898 3706; x_wconf 87' lang='lat' dir='ltr'><strong>victoriae,</strong></span> <span class='ocrx_word' id='word_1_186' title='bbox 923 3650 1015 3714; x_wconf 90' lang='lat' dir='ltr'><strong>quam</strong></span> <span class='ocrx_word' id='word_1_187' title='bbox 1040 3649 1073 3691; x_wconf 85' lang='lat' dir='ltr'><strong>va</strong></span> <span class='ocrx_word' id='word_1_188' title='bbox 1096 3630 1115 3690; x_wconf 78' lang='lat'>2</span> <span class='ocrx_word' id='word_1_189' title='bbox 1140 3628 1306 3714; x_wconf 86' lang='lat' dir='ltr'><strong>appellavit</strong></span> <span class='ocrx_word' id='word_1_190' title='bbox 1329 3628 1387 3692; x_wconf 87' lang='lat' dir='ltr'><strong>vir·</strong></span> 
     </span>
     <span class='ocr_line' id='line_1_26' title="bbox 379 3744 1383 3830; baseline 0.002 -21"><span class='ocrx_word' id='word_1_191' title='bbox 379 3752 480 3811; x_wconf 89' lang='lat' dir='ltr'><strong>tutum</strong></span> <span class='ocrx_word' id='word_1_192' title='bbox 513 3758 544 3809; x_wconf 84' lang='lat' dir='ltr'><strong>et</strong></span> <span class='ocrx_word' id='word_1_193' title='bbox 574 3767 755 3810; x_wconf 82' lang='lat' dir='ltr'><strong>conorarum</strong></span> <span class='ocrx_word' id='word_1_194' title='bbox 785 3744 892 3811; x_wconf 75' lang='grc' dir='ltr'><strong>ἅωτσνε</strong></span> <span class='ocrx_word' id='word_1_195' title='bbox 926 3752 957 3808; x_wconf 88' lang='lat' dir='ltr'><strong>et</strong></span> <span class='ocrx_word' id='word_1_196' title='bbox 988 3745 1142 3830; x_wconf 90' lang='lat' dir='ltr'><strong>quomodo</strong></span> <span class='ocrx_word' id='word_1_197' title='bbox 1172 3768 1238 3810; x_wconf 88' lang='lat' dir='ltr'><strong>eam</strong></span> <span class='ocrx_word' id='word_1_198' title='bbox 1261 3744 1383 3811; x_wconf 86' lang='lat' dir='ltr'><strong>laudern</strong></span> 
     </span>
     <span class='ocr_line' id='line_1_27' title="bbox 379 3862 1384 3949; baseline -0.001 -22"><span class='ocrx_word' id='word_1_199' title='bbox 379 3862 485 3929; x_wconf 85' lang='lat' dir='ltr'><strong>donari</strong></span> <span class='ocrx_word' id='word_1_200' title='bbox 520 3862 681 3949; x_wconf 86' lang='lat' dir='ltr'><strong>Nymphae</strong></span> <span class='ocrx_word' id='word_1_201' title='bbox 716 3864 883 3947; x_wconf 74' lang='lat' dir='ltr'><strong>significet,</strong></span> <span class='ocrx_word' id='word_1_202' title='bbox 919 3863 984 3948; x_wconf 85' lang='lat' dir='ltr'><strong>ipae</strong></span> <span class='ocrx_word' id='word_1_203' title='bbox 1019 3862 1168 3947; x_wconf 82' lang='lat' dir='ltr'><strong>explicat,</strong></span> <span class='ocrx_word' id='word_1_204' title='bbox 1204 3884 1298 3948; x_wconf 89' lang='lat' dir='ltr'><strong>quum</strong></span> <span class='ocrx_word' id='word_1_205' title='bbox 1329 3885 1384 3948; x_wconf 91' lang='lat' dir='ltr'><strong>per</strong></span> 
     </span>
     <span class='ocr_line' id='line_1_28' title="bbox 378 3980 1382 4060; baseline -0.002 -13"><span class='ocrx_word' id='word_1_206' title='bbox 378 4005 443 4047; x_wconf 89' lang='lat' dir='ltr'><strong>earn</strong></span> <span class='ocrx_word' id='word_1_207' title='bbox 475 3985 606 4049; x_wconf 82' lang='lat' dir='ltr'><strong>evexerit</strong></span> <span class='ocrx_word' id='word_1_208' title='bbox 637 3985 733 4049; x_wconf 86' lang='lat' dir='ltr'><strong>victor</strong></span> <span class='ocrx_word' id='word_1_209' title='bbox 761 3984 912 4048; x_wconf 84' lang='lat' dir='ltr'><strong>civitatem</strong></span> <span class='ocrx_word' id='word_1_210' title='bbox 938 3980 1068 4046; x_wconf 88' lang='lat' dir='ltr'><strong>Numini</strong></span> <span class='ocrx_word' id='word_1_211' title='bbox 1091 4004 1207 4060; x_wconf 86' lang='lat' dir='ltr'><strong>caram,</strong></span> <span class='ocrx_word' id='word_1_212' title='bbox 1232 4004 1266 4045; x_wconf 90' lang='lat' dir='ltr'><strong>vs</strong></span> <span class='ocrx_word' id='word_1_213' title='bbox 1290 3984 1327 4058; x_wconf 88' lang='lat'><strong>8,</strong></span> <span class='ocrx_word' id='word_1_214' title='bbox 1352 3991 1382 4045; x_wconf 87' lang='lat' dir='ltr'><strong>et</strong></span> 
     </span>
     <span class='ocr_line' id='line_1_29' title="bbox 379 4099 1382 4189; baseline 0 -24"><span class='ocrx_word' id='word_1_215' title='bbox 379 4125 449 4167; x_wconf 84' lang='lat' dir='ltr'><strong>vero</strong></span> <span class='ocrx_word' id='word_1_216' title='bbox 480 4103 538 4187; x_wconf 87' lang='lat' dir='ltr'><strong>ipsi</strong></span> <span class='ocrx_word' id='word_1_217' title='bbox 569 4101 731 4189; x_wconf 88' lang='lat' dir='ltr'><strong>Nymphae</strong></span> <span class='ocrx_word' id='word_1_218' title='bbox 761 4102 854 4167; x_wconf 90' lang='lat' dir='ltr'><strong>decus</strong></span> <span class='ocrx_word' id='word_1_219' title='bbox 885 4101 1094 4178; x_wconf 85' lang='lat' dir='ltr'><strong>constituerit,</strong></span> <span class='ocrx_word' id='word_1_220' title='bbox 1127 4123 1159 4164; x_wconf 86' lang='lat' dir='ltr'><strong>va</strong></span> <span class='ocrx_word' id='word_1_221' title='bbox 1194 4103 1251 4178; x_wconf 89' lang='grc'><strong>16,</strong></span> <span class='ocrx_word' id='word_1_222' title='bbox 1282 4099 1382 4166; x_wconf 66' lang='lat' dir='ltr'><strong>viril</strong></span> 
     </span>
     <span class='ocr_line' id='line_1_30' title="bbox 378 4221 469 4294; baseline 0 -9"><span class='ocrx_word' id='word_1_223' title='bbox 378 4221 469 4294; x_wconf 73' lang='grc' dir='ltr'><strong><em>κῦδος.</em></strong></span> 
     </span>
    </p>

    <p class='ocr_par' dir='ltr' id='par_1_9' title="bbox 379 4333 1385 4541">
     <span class='ocr_line' id='line_1_31' title="bbox 424 4333 1385 4420; baseline -0.002 -20"><span class='ocrx_word' id='word_1_224' title='bbox 424 4338 454 4399; x_wconf 86' lang='grc'><strong>8.</strong></span> <span class='ocrx_word' id='word_1_225' title='bbox 489 4338 545 4401; x_wconf 70' lang='grc' dir='ltr'><strong>τὰν</strong></span> <span class='ocrx_word' id='word_1_226' title='bbox 576 4338 631 4401; x_wconf 62' lang='lat' dir='ltr'><strong>rav</strong></span> <span class='ocrx_word' id='word_1_227' title='bbox 654 4337 748 4402; x_wconf 72' lang='grc' dir='ltr'><em>πόλιν.</em></span> <span class='ocrx_word' id='word_1_228' title='bbox 783 4334 982 4420; x_wconf 21' lang='lat' dir='ltr'><strong>Tuam—tibi</strong></span> <span class='ocrx_word' id='word_1_229' title='bbox 1005 4333 1147 4399; x_wconf 84' lang='lat' dir='ltr'><strong>dilectam</strong></span> <span class='ocrx_word' id='word_1_230' title='bbox 1170 4356 1330 4420; x_wconf 88' lang='lat' dir='ltr'><strong>caramque</strong></span> <span class='ocrx_word' id='word_1_231' title='bbox 1354 4344 1385 4399; x_wconf 89' lang='lat' dir='ltr'><strong>et</strong></span> 
     </span>
     <span class='ocr_line' id='line_1_32' title="bbox 379 4447 779 4541; baseline 0.01 -23"><span class='ocrx_word' id='word_1_232' title='bbox 379 4456 589 4541; x_wconf 80' lang='lat' dir='ltr'><strong>cognominem</strong></span> <span class='ocrx_word' id='word_1_233' title='bbox 614 4447 779 4522; x_wconf 72' lang='lat' dir='ltr'><strong>ciuitatem.</strong></span> 
     </span>
    </p>
   </div>
   <div class='ocr_carea' id='block_1_7' title="bbox 0 0 1868 5542">
    <p class='ocr_par' dir='ltr' id='par_1_10' title="bbox 0 0 1868 5542">
     <span class='ocr_line' id='line_1_33' title="bbox 0 0 1868 5542; baseline 0 4"><span class='ocrx_word' id='word_1_234' title='bbox 0 0 1868 5542; x_wconf 95' lang='lat' dir='ltr'><strong> </strong></span> 
     </span>
    </p>
   </div>
  </div>
 </body>
</html>
