3725 5542
990 741 1056 802 333

523 968 596 1031 ergo
619 946 701 1010 Eleis
724 944 866 1028 cognatio
890 943 1069 1007 Aetolorum
1093 944 1162 1007 tuit.
1198 944 1239 1007 Et
1262 945 1417 1030 antiquior
1439 945 1531 1009 etiam

524 1066 655 1131 vicissim
680 1064 796 1128 Aetolis
819 1063 961 1147 cognatio
984 1062 1128 1127 Eleorum
1152 1064 1226 1141 fuit,
1254 1086 1349 1150 quum
1372 1064 1411 1128 ad
1435 1064 1531 1128 Ache

523 1185 607 1249 loum
650 1182 821 1270 pervenerit
862 1182 967 1267 ibique
1011 1181 1183 1246 consederit
1225 1193 1257 1247 et·
1298 1204 1409 1247 nomen
1447 1184 1531 1268 genti

523 1302 641 1369 dederit
676 1300 875 1385 Endymionis
910 1300 1010 1378 lilius,
1049 1302 1172 1365 nomine
1206 1302 1352 1379 Aetolus,
1391 1302 1532 1366 vetustis·

524 1422 592 1486 simi
628 1420 706 1505 regis
737 1419 898 1483 Eleorum:
931 1418 966 1482 C.
998 1419 1015 1483 I
1045 1422 1075 1483 6.
1122 1418 1292 1505 Utramque
1320 1420 1531 1507 cognationem

524 1542 615 1605 etiam
648 1549 750 1604 uenat
780 1537 889 1603 Strabo
921 1560 957 1602 ex
989 1538 1131 1625 Ephoro,
1164 1548 1194 1604 et
1216 1540 1346 1604 invicem
1369 1540 1452 1625 apud
1476 1543 1533 1605 Ae

524 1660 604 1723 tolos
635 1658 756 1735 Aetoli,
789 1657 873 1743 apud
904 1656 996 1721 Eleos
1026 1656 1118 1743 Oryli
1141 1660 1292 1723 exstitisse
1315 1668 1530 1724 monumenta:

525 1777 562 1841 L.
587 1776 616 1841 X
640 1776 675 1841 0.
701 1779 720 1840 8
745 1799 775 1861 p.
800 1778 883 1854 463,
908 1778 984 1839 464.

570 1899 622 1958 24.
657 1895 858 1975 γλαυκόχροα.
894 1893 988 1979 Soph.
1012 1893 1089 1959 Oed.
1114 1894 1180 1958 col.
1207 1898 1268 1959 701
1294 1900 1434 1972 γλαυκᾶς
1452 1897 1531 1977 mda-

524 2030 573 2078 λον
591 2014 712 2087 ἐλαίας,
733 2012 839 2097 Eurip.
862 2012 963 2097 lphig.
979 2011 1017 2103 T.
1035 2014 1531 2095 11οΙγλκυκὶςδαλλὸνέλιίιις,

526 2142 557 2197 et
579 2140 734 2219 praeterea
755 2130 941 2215 saepissime.
1433 2197 1439 2206 ,

572 2254 624 2315 25.
662 2248 771 2329 Ἰστροῦ
799 2250 860 2314 ἀπὸ
891 2254 1008 2327 παγᾶν.
1047 2249 1224 2315 Herodotus
1258 2250 1332 2314 Istri
1366 2250 1464 2315 lautas
1494 2251 1533 2315 ab

527 2368 696 2433 Occidente
728 2368 869 2453 Europae
898 2370 1025 2453 repetit:
1060 2367 1097 2431 L.
1129 2368 1176 2432 IV
1206 2372 1264 2447 48,
1295 2373 1349 2433 49.
1402 2369 1536 2434 Pindaro

529 2490 608 2552 lama
642 2488 679 2552 de
713 2486 871 2552 occidente
908 2486 1049 2572 Europae
1084 2488 1243 2553 obscurior
1272 2488 1366 2554 luisse
1398 2489 1535 2565 videtur,

529 2613 584 2671 aut
606 2605 745 2691 neglecta
767 2606 805 2669 ab
829 2606 896 2690 ipso
919 2627 990 2669 eam
1013 2607 1046 2669 in
1068 2605 1209 2683 modum,
1234 2615 1270 2671 ut
1292 2608 1412 2692 poetica
1431 2608 1533 2693 potius

527 2734 698 2790 commenta
729 2732 915 2808 sequeretur.
963 2722 1053 2788 Certe
1076 2722 1266 2810 Hyperborei
1289 2725 1327 2791 ab
1350 2748 1471 2791 eonon
1494 2727 1532 2791 ad

528 2843 716 2909 occidentem
741 2844 832 2929 positi
856 2844 1009 2908 videntur.
1057 2844 1111 2928 Py.
1135 2844 1164 2907 X
1190 2848 1230 2910 70
1255 2845 1400 2910 Perseum
1422 2846 1461 2910 ad
1484 2868 1536 2909 eos

530 2964 646 3027 venisse
677 2972 842 3040 memoret,
874 2972 905 3026 et
931 2962 1106 3049 Gorgonem
1128 2963 1332 3027 interfecisse:
1356 2986 1412 3029 nec
1434 2974 1536 3029 tamn

531 3084 590 3159 ita,
615 3090 651 3145 ut
674 3081 848 3168 Gorgonem
870 3081 954 3169 apud
973 3082 1186 3169 Hyperboreos
1206 3083 1301 3148 luisse
1315 3082 1412 3162 dicat,
1433 3105 1537 3147 rerum

531 3201 637 3279 illum,
668 3224 764 3287 quum
788 3201 826 3265 ad
847 3201 1022 3288 Gorgonem
1046 3201 1200 3281 tenderet,
1224 3186 1257 3267 iu
1280 3224 1316 3267 eo
1339 3203 1446 3267 itinere
1468 3202 1538 3266 illos

532 3320 678 3384 visitasse.
735 3319 910 3384 Secundum
947 3321 1181 3405 antiquissiman
1220 3320 1344 3404 quidem
1381 3319 1537 3385 Deliorum

533 3439 707 3503 memoriam
736 3437 924 3523 Hyperborei
948 3460 1040 3525 supra
1061 3438 1217 3525 Scythiam
1240 3440 1323 3503 fuere
1346 3438 1383 3503 ad
1406 3438 1537 3524 Septem-

533 3558 681 3635 trionem‚
713 3557 839 3621 tortasse
870 3555 1028 3621 Orientem
1059 3580 1164 3623 uersus
1195 3559 1298 3644 potius
1333 3580 1426 3643 quam
1453 3555 1541 3621 Occi·

532 3675 672 3739 dentem:
706 3674 819 3739 Herod.
851 3674 887 3739 L.
920 3674 967 3737 [v
998 3673 1033 3739 C.
1057 3678 1110 3739 33.
1156 3675 1198 3739 Et
1220 3698 1313 3761 supra
1335 3683 1460 3741 ventum
1482 3674 1541 3739 Bo-

534 3816 616 3858 ream
647 3816 698 3857 eos
728 3792 879 3858 habitasse
910 3793 1022 3857 cecinit
1044 3791 1124 3857 Olen
1146 3793 1277 3879 Lycius:
1301 3792 1393 3857 Paus.
1416 3792 1453 3857 L.
1477 3792 1541 3856 VH

536 3912 571 3977 C.
603 3910 632 3973 V
663 3916 700 3975 4:
733 3911 824 3996 idque
852 3934 924 3976 saue
951 3912 1068 3975 nomini
1091 3933 1195 3977 eorum
1218 3922 1264 3975 eat
1287 3912 1486 3989 conveniens,
1510 3920 1541 3976 et

536 4030 684 4108 Pindaro,
705 4038 815 4095 terram
835 4030 918 4095 illam
939 4032 1067 4116 ponenti
1086 4036 1185 4103 πνοιᾶς
1204 4031 1296 4096 ὄπιθεν
1315 4032 1416 4113 Βορέα,
1437 4053 1472 4095 vs
1487 4032 1540 4095 56.

537 4150 679 4214 Ceterum
710 4150 914 4214 narrationem
944 4150 982 4214 de
1005 4149 1085 4214 oliva
1107 4150 1145 4215 ab
1170 4149 1302 4215 Hercule
1324 4173 1362 4215 er
1384 4150 1541 4236 Hyperbo

536 4270 595 4333 reis
621 4270 716 4354 petita
738 4268 848 4333 tribuit
870 4267 954 4333 Eleis
977 4268 1162 4345 Pausanias,
1185 4267 1223 4332 L.
1248 4267 1276 4328 V
1299 4267 1334 4334 G.
1358 4268 1424 4333 VII
1446 4274 1479 4334 4.-

582 4390 635 4451 28.
674 4388 798 4460 erlem.
836 4387 948 4452 Merito
981 4388 1178 4473 persuasione
1212 4396 1243 4451 et
1276 4370 1342 4452 sirie
1371 4390 1402 4452 vi
1432 4389 1541 4474 petivit

538 4506 651 4571 donum
685 4507 723 4570 ab
747 4506 951 4594 Hyperboreis
974 4506 1140 4583 Hercules,
1171 4506 1428 4615 hominibuslpiis
1449 4522 1481 4573 et
1501 4506 1540 4572 ab
