3725 5542
960 723 1024 783 366

486 918 685 999 Pausaniam,
716 920 753 985 L.
784 920 813 983 V
842 920 877 985 G.
909 921 974 986 VII
998 927 1037 987 4:
1061 927 1203 1006 Ἡρακλεῖ
1221 923 1268 991 οἷον
1290 925 1427 1006 τρίστστι
1450 930 1491 1009 τῷ

484 1038 576 1120 Ἰδαίῳ
597 1038 668 1116 δόξα
689 1044 738 1107 τὸν
760 1040 829 1105 τότε
851 1042 956 1116 ιίγῶνα
977 1043 1114 1107 διαθεῖναι
1136 1045 1237 1124 rubro
1257 1046 1308 1110 καί
1331 1047 1490 1124 Ὀλύμπια

485 1156 573 1235 ὄνομα
596 1158 700 1222 ίέσίαι.
725 1156 765 1221 Et
788 1157 826 1223 de
849 1180 901 1223 ara
915 1158 1002 1223 Jovis
1017 1159 1192 1247 Olympiae,
1208 1162 1246 1226 L.
1258 1162 1289 1222 V
1300 1161 1335 1227 (l.
1352 1162 1437 1229 XIII
1453 1168 1488 1229 a:

484 1278 755 1351 κατασκευασθῆναι
776 1277 807 1341 δὲ
828 1278 917 1343 αὐτὸν
940 1278 1000 1362 (τὸν
1021 1278 1134 1363 Rauda)
1155 1281 1180 1345 σί
1202 1281 1258 1359 μὲν
1280 1281 1336 1345 ὑπὸ
1349 1284 1491 1363 'runaut

483 1418 530 1466 ους
552 1401 602 1460 τοῦ
625 1395 726 1460 Ἰδαίου
748 1394 891 1473 λέγουσιν.
916 1398 1019 1483 Atque
1041 1398 1074 1462 iu
1091 1398 1167 1463 urbe
1182 1398 1271 1464 Elide
1287 1398 1490 1485 Gymnasium

483 1502 713 1577 commemorat:
737 1512 774 1578 L.
797 1513 845 1578 VI
867 1513 903 1579 Ο.
927 1514 1043 1579 XXIII
1065 1518 1104 1580 2:
1126 1516 1181 1581 είσί
1202 1518 1233 1581 δὲ
1251 1518 1301 1583 καί
1320 1520 1387 1583 θεῶν
1401 1522 1432 1585 ἐν
1446 1522 1488 1602 τᾷ

482 1633 635 1713 γυμνασίῳ
667 1633 780 1711 βωμοί,
813 1635 986 1715 Ἡρακλέους
1014 1641 1067 1701 τοῦ
1095 1635 1199 1702 Ἰδαίου
1228 1639 1425 1718 Παραστιίτου
1454 1640 1485 1705 δὲ

482 1753 649 1829 ἐπίκλησιν,
672 1776 700 1819 ιι.
722 1778 752 1819 τ.
775 1768 805 1819 λ.

527 1876 579 1937 44.
615 1868 737 1944 Λυδίοις.
772 1870 819 1936 De
841 1872 880 1935 iis
904 1871 1018 1949 modis,
1042 1894 1120 1958 qnos
1143 1873 1370 1954 Graecinium
1385 1876 1487 1963 appel·

481 1989 600 2069 larunt,
624 2012 722 2075 pauca
743 1990 904 2058 attulimus
928 1991 967 2056 ad
990 1990 1040 2056 Ol.
1064 1990 1083 2056 Ι
1108 1995 1188 2057 loa:
1215 1994 1254 2058 de
1276 1994 1391 2079 quibus
1412 1994 1486 2061 Plu·

479 2109 620 2186 archus,
656 2108 694 2173 de
722 2110 841 2174 Musica
865 2110 928 2174 VI:
963 2110 1042 2187 νίμοι
1071 2113 1351 2197 προσηγορεύθησαν,
1385 2114 1483 2189 ἐπειδὴ

478 2232 527 2293 οὐκ
550 2227 616 2305 ἐξῆν
637 2229 807 2309 παραβῆναι
830 2232 894 2295 aaa
916 2229 1037 2296 ἕκαστον
1059 2233 1255 2309 νενομισμένα
1276 2227 1350 2304 εἶδος
1362 2241 1417 2308 τῆς
1430 2232 1484 2297 τοί·

477 2372 557 2420 σευς.
582 2347 623 2411 Ilt
645 2348 892 2433 quandoquidem
915 2348 959 2414 ibi
979 2348 1092 2421 ίττειος
1115 2350 1198 2429 νίμσς
1213 2359 1481 2430 commemoratur,

477 2466 697 2551 comparandus
720 2490 789 2531 cum
813 2488 849 2532 eo
873 2468 994 2533 videtur
1015 2470 1161 2555 &ydrae
1178 2470 1279 2548 νίμος,
1304 2471 1358 2555 qui
1378 2470 1482 2534 aPlu·

478 2585 583 2649 tarcho
618 2586 766 2651 tribuitur
798 2586 930 2673 Olympo
964 2588 1104 2673 Marsyae
1137 2588 1308 2675 discipulo:
1342 2586 1378 2654 0.
1405 2588 1480 2655 vn.

477 2704 593 2789 Lydius
622 2714 729 2770 autem
760 2707 861 2785 νόμος,
892 2714 1044 2793 quantum
1074 2709 1154 2785 scio,
1185 2702 1249 2773 n'on
1279 2716 1480 2786 memoratur,

475 2824 527 2888 sed
550 2823 649 2909 Lydia
670 2826 845 2905 harmonia,
869 2826 949 2892 Plat.
973 2827 1012 2892 da
1033 2848 1097 2913 rep.
1121 2826 1158 2891 L.
1179 2826 1232 2891 [Π
1246 2829 1311 2891 898
1330 2826 1375 2905 Ε,
1395 2826 1479 2892 Plut

474 2942 512 3007 de
534 2942 616 3007 Mus.
641 2942 739 3023 VIII,
763 2944 828 3023 XI,
853 2944 922 3009 XV.
970 2944 1011 3009 Et
1032 2944 1122 3010 Plato
1145 2945 1270 3030 quidem
1293 2968 1361 3010 eam
1379 2946 1480 3032 rejicit

474 3070 510 3126 ut
531 3061 655 3127 mollem
677 3072 769 3149 atque
791 3064 957 3130 remissam.
980 3062 1097 3129 Verum
1119 3087 1185 3129 eam
1207 3086 1226 3128 a
1248 3064 1376 3130 Platone
1399 3065 1479 3129 vitn-

473 3190 608 3267 peratam
631 3181 816 3247 Plutarchus
835 3186 897 3270 jam
922 3183 961 3249 ab
983 3184 1112 3269 antiqua
1134 3191 1166 3248 et
1188 3183 1287 3261 virili,
1310 3206 1390 3269 quae
1407 3183 1477 3249 Diis

471 3299 653 3385 placuisset,
677 3304 795 3368 ratione
818 3302 1016 3390 degenerasse
1038 3303 1128 3381 dicit,
1151 3310 1184 3368 et
1206 3301 1337 3387 Lydiam
1359 3302 1478 3367 harmo-

471 3420 553 3483 niam
583 3420 621 3485 ab
652 3444 688 3486 eo
718 3421 906 3508 repudiatam
939 3446 1021 3501 esse,
1052 3428 1161 3507 utpote
1191 3443 1291 3485 acrem
1320 3431 1352 3486 et
1376 3422 1477 3486 luctui

470 3560 646 3625 congruam.
692 3541 732 3605 Et
762 3564 865 3608 revera
887 3564 1025 3607 nanasse
1049 3541 1267 3607 Aristoxenum
1275 3536 1290 3618 ‚⁴
1308 3539 1474 3627 Olympum

469 3660 601 3745 primum
623 3658 738 3745 Lydius
760 3662 904 3726 cecinisse
927 3662 1005 3727 tibia
1027 3668 1153 3725 cantum
1175 3659 1332 3724 funebrem
1355 3660 1395 3724 de
1417 3659 1476 3744 Py·

468 3776 579 3843 thone:
611 3779 687 3844 alios
710 3779 798 3844 illum
822 3790 947 3844 cantum
970 3778 1113 3844 tribuisse
1136 3774 1381 3863 Melanippidae:
1405 3777 1476 3842 Pin·

468 3895 574 3960 darum
601 3918 670 3963 vero
693 3898 725 3961 in
748 3896 919 3963 Paeonibus
943 3896 1075 3974 dixisse,
1099 3898 1130 3961 in
1146 3894 1267 3960 Niobae
1280 3897 1399 3982 nuptiis
1413 3897 1474 3981 pri-

468 4035 552 4079 mum
576 4016 669 4080 inisse
691 4015 807 4101 Lydiae
830 4037 920 4079 usum
941 4015 1133 4079 harmoniae:
1150 4013 1185 4079 Ο.
1202 4013 1272 4079 XV.
1296 4013 1473 4080 Athenaeus

468 4134 599 4201 Graecos
622 4135 749 4221 Lydiam
781 4144 812 4201 et
834 4135 1000 4221 Phrygiam
1027 4135 1216 4200 harmoniam
1239 4155 1257 4198 a
1278 4133 1401 4219 Pelopis
1423 4157 1472 4200 co·

468 4253 609 4344 mitihps,
632 4256 687 4341 qni
709 4254 845 4339 Phryges
868 4256 982 4340 pariter
1004 4264 1036 4319 et
1056 4253 1137 4338 Lydi
1160 4254 1304 4329 inissem,
1327 4252 1470 4317 didicisse

467 4373 614 4458 explicat,
644 4381 692 4449 et,
723 4372 891 4437 secundum
922 4372 1064 4438 Telesteu
1094 4371 1320 4449 Selinuntium,
1344 4371 1377 4434 in
1400 4394 1470 4436 cou-

467 4490 554 4555 ινιτ
576 4468 626 4555 'eas
649 4490 802 4555 adhibitus
825 4492 933 4555 surse:
957 4489 994 4555 n.
1018 4488 1096 4554 xiv
1118 4514 1148 4575 p.
1173 4491 1255 4566 cao,
1281 4490 1362 4551 aas:
