3725 5542
816 727 880 788 481

341 928 536 1005 Promethei,
561 925 732 991 secundum
755 924 924 989 nonnullos
947 922 1084 1009 Opuntis
1108 925 1140 989 in
1157 924 1246 989 Elide
1262 926 1358 990 duvii.

343 1044 442 1109 Affert
472 1044 512 1108 ad
545 1043 731 1108 sententiam
755 1063 842 1105 suam
867 1041 1105 1107 confirmandam
1129 1040 1303 1107 Boeckhius
1327 1044 1357 1106 in

342 1165 425 1229 notis
456 1162 570 1226 criticis
606 1182 676 1246 pag.
701 1162 766 1224 399
791 1160 882 1223 etiam
906 1158 1045 1223 scholion
1070 1160 1107 1224 ad
1132 1160 1235 1244 Apoll.
1259 1160 1360 1224 Rhod.

344 1280 391 1345 IV
418 1281 522 1346 1⁷8⁰:
547 1300 625 1363 quae
649 1289 753 1342 autem
776 1277 820 1342 ibi
844 1278 885 1340 sit
908 1277 956 1341 vol
979 1276 1060 1361 regis
1083 1275 1219 1362 Opuntia
1237 1279 1284 1343 vel
1301 1277 1363 1343 Eli·

344 1397 394 1461 dis
417 1396 465 1461 vel
487 1395 691 1481 Protogeniae
713 1394 848 1471 mentio,
875 1416 923 1458 me
947 1393 1074 1478 quidem
1096 1394 1189 1459 latet:
1219 1404 1264 1458 est
1282 1397 1363 1460 enim

346 1512 541 1598 hujusmodi:
574 1512 736 1577 Ὀπούντιά
765 1514 794 1576 τ’
826 1509 942 1575 derra:
971 1512 1028 1583 τὰς
1052 1510 1107 1575 ὑπὸ
1129 1517 1180 1576 τοῦ
1204 1511 1363 1585 Ὀποῦντος

346 1652 419 1695 ποτε
452 1629 680 1710 περιεχομένοις·
712 1628 823 1698 Ὀποῦς
854 1628 885 1691 δὲ
913 1628 1047 1705 ποταμὸς
1071 1628 1205 1707 Λοκοίδος
1228 1629 1244 1703 »l
1269 1628 1363 1703 πόλις.

347 1747 398 1811 Ab
422 1745 589 1811 Aristotele
612 1746 697 1809 illam
722 1744 892 1829 Cambysen
916 1744 1102 1829 appellatam
1126 1746 1237 1824 luisse,
1263 1756 1309 1810 est
1332 1748 1364 1811 in

349 1864 474 1942 eodem,
510 1862 595 1948 qnod
628 1862 883 1939 memoravimus,
920 1860 1038 1926 scholio
1073 1862 1112 1925 ad
1147 1862 1231 1927 huno
1261 1863 1365 1928 locum

349 1980 493 2047 Pindari:
526 1987 559 2045 at
588 2002 643 2065 per
665 2002 796 2045 errorem
819 1978 1014 2057 Boeclrhius,
1038 1978 1157 2064 Explie.
1182 2004 1251 2066 pag.
1284 1983 1364 2059 191,

350 2109 467 2185 petrem
494 2099 560 2182 ejus
586 2120 689 2181 regem
716 2096 816 2161 Elidis
843 2094 1000 2181 Opuntem
1027 2097 1064 2162 ab
1090 2098 1254 2163 Aristotele
1279 2097 1366 2165 Cam-

351 2216 444 2300 bysen
481 2214 599 2279 dictum
633 2214 728 2278 fuisse
762 2213 855 2291 dicit,
892 2235 967 2277 usus
1003 2213 1136 2299 ejusdem
1168 2213 1278 2279 scholii
1309 2223 1367 2280 tes·

350 2334 490 2398 timonio.

397 2452 449 2515 86.
484 2449 545 2515 rixi
575 2453 637 2527 yo'rr
670 2452 800 2517 Ἐπειῶν.
836 2448 984 2515 Traditur
1014 2448 1119 2534 aliqua
1141 2449 1367 2535 conjunctionis

350 2566 561 2653 Opuntiorum
592 2574 625 2631 et
653 2564 799 2630 Eleorum
829 2567 977 2631 memoria
1008 2589 1027 2630 a
1057 2564 1222 2644 Strabone,
1254 2564 1291 2631 L.
1319 2565 1368 2630 lx

283 2720 287 2727 ·
349 2706 379 2769 p.
412 2686 497 2761 425,
529 2682 612 2747 Alm.
638 2683 721 2745 eol:
746 2690 777 2745 et
798 2689 987 2746 memoratur
1011 2683 1103 2747 etiam
1126 2682 1200 2745 urbs
1223 2679 1311 2767 Opus
1335 2682 1367 2745 in

349 2800 458 2879 lllide,
483 2799 576 2864 Diod.
600 2798 660 2863 Sic.
685 2796 764 2863 XIV
791 2800 829 2863 ll
841 2847 851 2875 ,
876 2797 981 2884 Steph.
997 2798 1125 2883 Byzant.
1151 2800 1253 2883 Atque
1270 2800 1367 2884 ipsam

349 2918 551 3003 Protogeniae
567 2914 765 2981 Deucalionis
778 2915 859 2979 filiae
879 2916 1056 3001 progeniem
1071 2916 1103 2979 in
1120 2914 1210 2979 Elide
1227 2937 1369 3000 regnasse

350 3035 479 3099 tradunt
508 3032 677 3097 Pausanias
710 3030 747 3096 L.
779 3028 856 3096 Ic.
882 3030 919 3111 I,
944 3032 975 3096 e't
998 3032 1207 3117 Apollodorus
1230 3031 1267 3096 L.
1292 3031 1309 3095 Ι
1333 3031 1368 3096 O.

352 3149 435 3215 VII:
460 3148 549 3213 Oonf.
574 3148 676 3213 Schol.
701 3148 740 3213 ad
765 3147 868 3233 Apoll.
893 3148 994 3213 Rhod.
1019 3148 1067 3212 lv
1092 3152 1143 3214 57.

397 3271 448 3334 87.
484 3265 600 3339 ἕκαλος.
638 3265 705 3331 Deo
729 3265 860 3351 dignum
884 3268 1061 3351 epitheton,
1084 3267 1201 3332 habens
1219 3268 1372 3351 significa·

350 3387 466 3451 tionem
491 3385 598 3471 gaudii
622 3384 689 3449 sine
717 3386 763 3449 vi:
789 3386 868 3451 conl.
892 3385 984 3450 Nem.
1009 3384 1092 3449 VIII
1118 3388 1168 3449 10.

397 3506 450 3569 92.
488 3503 624 3586 ὃρφοοὸο.
661 3502 805 3569 Refertur
828 3505 867 3569 ad
890 3529 958 3582 μιν,
982 3526 1044 3569 non
1068 3503 1108 3568 ad
1130 3503 1252 3579 πότμον.

397 3624 450 3685 96.
486 3620 629 3702 μάτρωος.
666 3620 796 3703 Μάτρως
824 3621 907 3707 apud
931 3621 1102 3685 Homerum
1126 3627 1172 3685 est
1195 3622 1288 3685 frater
1311 3641 1371 3685 ma·

353 3737 426 3815 tris,
450 3738 510 3802 hoc
533 3759 606 3802 vero
630 3738 699 3802 loco
723 3746 754 3802 et
777 3740 899 3825 saepius
921 3739 1004 3823 apud
1027 3737 1196 3803 Pindarum
1221 3760 1295 3814 evus
1311 3760 1372 3803 me-

353 3860 479 3917 ternus:
507 3855 576 3921 vide
598 3854 733 3919 Dammii
755 3854 891 3923 Lexicon
914 3856 947 3920 in
971 3876 1052 3919 voce.

400 3973 454 4034 99.
491 3972 574 4036 πόλιν
605 3970 630 4035 δ’
660 3972 786 4037 dacore
822 3968 920 4036 Paulo
944 3973 1032 4037 aliter
1054 3970 1256 4051 Enstethius,
1278 3972 1316 4035 ad
1332 3971 1370 4036 Il.

351 4087 387 4152 Π
412 4090 494 4165 531,
515 4086 667 4165 Locrum,
685 4096 753 4153 orta
769 4090 847 4154 inter
864 4090 966 4175 ipsum
985 4098 1015 4153 et
1032 4088 1190 4174 Opuntem
1205 4088 1370 4167 discordie,

355 4207 539 4270 concessisse
563 4205 610 4269 illi
633 4205 812 4291 imperium,
836 4208 938 4291 ipsum
964 4228 1034 4271 vero
1058 4206 1243 4270 Parnassum
1267 4229 1372 4271 versus

355 4323 522 4387 recessisse.
571 4321 636 4386 Our
658 4322 812 4387 Pindarus
836 4323 1006 4389 discordiae
1030 4324 1216 4390 mentionem
1240 4332 1370 4409 praeter·

355 4439 489 4518 miserit,
516 4439 603 4504 facile
625 4440 820 4524 intelligitur.

1208 4563 1243 4616 81
