3725 5542
822 764 884 825 291

347 983 458 1026 nomen
492 960 740 1027 llmmenidarnm
773 952 941 1027 secuirdum
967 960 1179 1026 Aristarchum
1204 962 1365 1026 derivatur

347 1080 385 1143 ab
408 1081 505 1164 ipsius
528 1080 726 1145 Bmmenidae
750 1082 872 1145 nomine
898 1082 1031 1167 proprio,

394 1197 515 1262 Nomen
538 1198 672 1276 Pataiui,
706 1200 759 1284 qui
782 1198 954 1263 secundum
976 1197 1172 1261 Herodotum
1196 1205 1282 1290 pater
1307 1200 1361 1260 Ae-

346 1316 495 1381 nesidemi
529 1316 607 1393 tuit,
643 1318 676 1381 iu
711 1317 764 1381 illa
799 1314 876 1381 serie
910 1339 974 1381 non
1006 1316 1176 1400 reperitur:
1209 1322 1302 1399 atque
1330 1318 1363 1380 in

347 1441 446 1497 vetere
477 1434 594 1498 scholio
625 1434 663 1497 ad
695 1432 745 1498 Ol.
770 1430 805 1497 II
830 1437 871 1497 82
896 1434 1052 1498 omittitur
1075 1453 1186 1497 nomeu
1210 1432 1364 1497 Emmeni·

347 1550 421 1628 dae,
449 1550 487 1613 ad
514 1548 564 1615 Ol.
589 1550 706 1615 11168
732 1552 887 1615 omittitur
908 1574 1020 1615 nomen
1047 1549 1235 1635 Chalciopei.
1281 1549 1364 1644 Ergo

346 1669 378 1731 in
410 1690 446 1731 eo
476 1669 654 1753 propaginis
685 1668 791 1734 ordine
821 1668 995 1734 deliniendo
1019 1667 1184 1732 difficultas
1209 1678 1364 1746 remanet,

346 1808 438 1870 quam
461 1786 675 1871 investigando
703 1810 757 1852 nec
781 1786 888 1851 tollere
911 1808 969 1852 neo
992 1787 1129 1851 minuere
1155 1788 1255 1871 potui.

393 1904 613 1968 Aenesidemus
636 1924 707 1969 cum
735 1905 868 1982 Gelono,
894 1906 948 1990 qui
973 1913 1044 1990 pust
1063 1901 1283 1989 Hippocratem
1306 1903 1366 1966 Ge-

346 2021 393 2084 lae
423 2022 585 2106 imperinm
617 2022 740 2100 habuit,
773 2022 956 2108 Hippocrati
991 2022 1113 2087 satelles
1147 2022 1217 2085 fuit.
1246 2020 1364 2085 Herod.

348 2136 412 2201 VII
439 2141 511 2203 154.

391 2255 462 2340 Ipse
496 2256 597 2320 'Pharo
632 2280 700 2321 cum
738 2257 855 2322 Getone
890 2257 1162 2342 Carthaginienses
1195 2257 1365 2320 clarissimo

348 2372 463 2457 proelio
488 2372 660 2438 Himerensi
681 2375 768 2438 vicit:
794 2374 908 2439 Herod.
930 2374 995 2438 VII
1020 2376 1097 2451 166,
1119 2374 1211 2438 Diod.
1233 2373 1292 2437 Sic.
1317 2372 1363 2436 xl

347 2490 404 2553 20:
429 2490 512 2573 quod
537 2492 687 2575 proelium
711 2492 867 2556 Diodorus
891 2492 941 2556 die
964 2514 1085 2577 pugnae
1105 2491 1364 2575 Thermopylaeae

346 2608 460 2672 lactum
485 2608 550 2673 esse
572 2609 666 2687 dicit,
691 2610 801 2674 melius
826 2618 907 2674 certe
932 2609 1125 2687 Herodotus,
1150 2609 1200 2673 die
1220 2610 1365 2673 uictoriae

345 2724 538 2789 Salaminiae.
574 2725 685 2811 Ibique
707 2727 790 2791 haud
805 2748 929 2811 parvam
946 2725 1096 2791 Theronis
1113 2747 1237 2813 operam
1254 2726 1363 2803 fuisse,

346 2864 384 2906 ex
406 2842 481 2927 ipsis
505 2842 656 2907 Herodoti
678 2844 778 2909 verbis
799 2852 941 2930 apparet,
963 2844 1051 2908 illum
1073 2866 1136 2908 uua
1155 2866 1225 2908 cum
1247 2842 1366 2907 Gelono

346 2962 627 3025 commemorantis:
651 2962 770 3027 Flauia
791 2962 988 3041 catastam
1010 2970 1101 3045 νικᾷν.

391 3076 527 3141 Dederat
557 3077 662 3162 aliquo
692 3078 784 3143 modo
816 3079 882 3164 ipse
906 3079 1007 3142 'I'hero
1031 3078 1078 3142 illi
1102 3077 1183 3143 bello
1207 3075 1367 3161 Carthagi·

346 3195 502 3260 niensium
524 3217 657 3261 oausam.
694 3195 776 3261 Nam
799 3218 895 3281 quum
919 3196 986 3282 ipse
1006 3196 1218 3282 Agrigentinis
1238 3196 1365 3279 impera-

346 3322 410 3391 ret,
435 3314 554 3400 expulit
576 3313 704 3379 Himera
727 3322 893 3399 tyranuum
918 3316 984 3401 ejus
1008 3314 1092 3379 urbis
1115 3313 1277 3378 Terillum:
1303 3335 1366 3399 qua

346 3454 379 3495 re
403 3431 453 3495 hio
472 3433 568 3495 iratus
587 3431 856 3517 Carthaginienses
877 3433 1040 3496 invocavit.
1066 3431 1180 3495 Herod.
1201 3430 1266 3494 VII
1290 3433 1362 3493 165.
1423 3416 1433 3428 ’

391 3547 511 3612 Bruuet
540 3548 578 3612 de
609 3548 729 3627 Presle,
763 3572 793 3633 p.
821 3552 902 3626 125,
932 3548 1081 3614 'l'erillum
1106 3572 1124 3611 a
1146 3548 1287 3612 'l'heroue
1309 3546 1364 3610 Hi·

346 3688 430 3730 mera
452 3666 615 3752 expulsum
640 3675 801 3753 propterea
824 3667 919 3731 luisse
943 3667 1037 3745 dicit,
1063 3666 1147 3751 quod
1170 3665 1223 3729 ille
1247 3666 1365 3749 Hippo·

348 3793 460 3848 cratem
491 3792 522 3848 et
549 3782 656 3869 Capyn
679 3784 849 3869 exceperit,
874 3792 1021 3868 cognatos
1045 3783 1195 3847 Theronis
1219 3790 1251 3848 et
1273 3782 1366 3845 maxi·

347 3903 405 3965 mis
440 3902 478 3965 ab
514 3924 549 3965 eo
579 3901 736 3966 beneficiis
765 3910 905 3981 ornatos,
938 3900 990 3966 sed
1022 3902 1223 3966 eiinimicos.
1270 3899 1363 3980 Quod

348 4018 431 4083 uirde
461 4018 513 4082 ille
543 4019 673 4104 scriptor
705 4020 856 4097 hauserit,
890 4020 1004 4083 nescio.
1051 4018 1090 4083 In
1123 4019 1239 4082 scholio
1264 4025 1364 4082 vetere.

348 4146 378 4199 et
400 4136 568 4199 recentiore
592 4135 630 4200 ad
653 4158 687 4199 vs
713 4138 775 4200 173
800 4136 915 4201 mentio
943 4134 1068 4220 quidem
1088 4143 1134 4199 est
1152 4134 1190 4198 de
1210 4133 1364 4198 beneficiis

347 4255 380 4319 in
409 4253 480 4317 illos
508 4253 627 4317 collatis
651 4262 682 4318 et
705 4253 743 4318 de
766 4253 892 4317 illorum
916 4271 988 4338 erga
1012 4274 1083 4318 eum
1106 4252 1286 4316 inimicitia:
1311 4250 1364 4314 sed

346 4374 380 4437 in
414 4380 515 4435 vetere
549 4370 695 4435 dicuntur
730 4372 757 4435 ei
789 4370 906 4435 bellum
938 4371 1080 4435 intulisse
1110 4378 1141 4434 et
1170 4370 1208 4435 ab
1232 4392 1267 4433 eo
1292 4369 1365 4432 victi

335 4512 413 4577 ¹esse
441 4488 479 4552 od
504 4486 677 4564 Himeram
707 4490 739 4553 iu
762 4489 931 4553 recentiore
955 4488 994 4551 ad
1018 4487 1185 4552 Hieronem
1209 4487 1365 4551 transiisse

1186 4606 1242 4663 19*
