3725 5542
996 694 1061 754 226

517 896 623 961 domui
652 895 814 981 progenies
845 895 1020 959 auxiliaris:
1045 895 1129 960 unde
1152 898 1278 961 seminis
1302 897 1465 964 habentem
1488 922 1535 963 ra·

518 1016 615 1080 dicem
638 1015 724 1079 decet
742 1014 938 1079 Aenesidami
954 1016 1051 1079 filiurn
1067 1016 1224 1081 laudativa
1241 1018 1377 1082 carmina
1392 1018 1535 1104 lyramque

516 1136 661 1200 nancisci.
698 1134 779 1199 Nam
800 1134 962 1221 Olympiae
977 1138 1044 1222 ipse
1060 1138 1228 1222 praemium
1243 1139 1377 1223 accepit,
1393 1137 1534 1222 Pythone

439 1260 480 1320 90
518 1278 588 1321 vero
612 1264 643 1319 et
666 1256 696 1318 in
722 1253 842 1317 Isthmo
869 1276 1014 1338 germarro
1040 1256 1128 1319 tratri
1151 1278 1329 1321 communes
1351 1258 1467 1340 gratiae
1490 1265 1535 1321 at-

517 1373 656 1437 tulerunt
678 1373 767 1436 flores
784 1372 1005 1457 quadrigarum
1021 1394 1115 1437 eursu
1132 1373 1213 1437 facto
1229 1373 1405 1438 duodecies.
1437 1374 1533 1461 Expe-

518 1494 647 1557 rientem
670 1500 825 1555 certamen
848 1492 984 1556 nancisci
1007 1493 1200 1578 propositum
1222 1492 1333 1557 liberat
1355 1516 1375 1556 a
1396 1494 1532 1559 tristitia.

517 1612 656 1675 Proiecto
686 1610 812 1674 divitiae
845 1618 971 1675 ornatae
998 1609 1145 1675 laudibus
1168 1611 1273 1675 lerunt
1295 1610 1466 1677 multarum
1488 1636 1534 1677 rc-

421 1733 479 1793 100
515 1752 582 1793 rurn
615 1730 752 1815 copiam,
789 1728 974 1813 profundam
1009 1728 1189 1814 praebentes
1220 1751 1326 1793 curam
1355 1729 1530 1806 fortiorem,

515 1848 599 1912 sidus
623 1847 837 1933 splendidum,
862 1869 969 1911 verum
988 1848 1056 1911 viro
1071 1847 1186 1911 lumen.
1222 1846 1255 1910 si
1271 1848 1341 1932 quis
1356 1870 1407 1911 eas
1423 1847 1530 1924 habet,

513 1967 599 2031 novit
630 1966 782 2041 intusum,
816 1987 940 2042 eorum,
973 1966 1027 2049 qui
1060 1964 1111 2029 hic
1134 1967 1251 2029 mortui
1275 1966 1355 2042 sint,
1379 1966 1530 2030 continuo

514 2084 630 2149 debiles
659 2085 776 2149 animas
806 2106 920 2169 poenas
944 2084 1044 2161 luere,
1069 2094 1098 2147 et
1122 2085 1285 2148 commissa
1306 2085 1339 2148 in
1362 2084 1422 2148 hoc
1443 2084 1531 2148 Jovis

513 2226 608 2288 regno
639 2203 753 2267 scelera
784 2202 842 2267 sub
872 2210 953 2266 terra
980 2201 1120 2286 judicare
1150 2202 1303 2285 aliquem,
1331 2202 1445 2267 infestA
1465 2226 1531 2267 sen-

514 2322 641 2385 tentiam
673 2321 856 2385 necessitate
887 2319 1050 2385 dicentem.
1097 2318 1252 2385 Noctibus
1275 2321 1389 2406 pariter
1412 2342 1531 2406 semper

417 2444 476 2505 110
513 2441 687 2526 pariterque
720 2438 829 2503 diebus
860 2437 956 2502 solem
983 2438 1131 2502 habentos
1156 2439 1230 2502 boni
1253 2440 1355 2503 minus
1378 2438 1531 2503 laboriosa

510 2562 573 2624 vita
603 2560 768 2638 fruuntur,
799 2580 862 2622 non
895 2566 1009 2623 terram
1033 2558 1197 2622 miscentes
1220 2560 1354 2622 maximo
1376 2580 1525 2622 manuum

511 2680 619 2744 robore
643 2700 700 2742 nec
722 2678 814 2742 maris
838 2699 951 2761 aquam
975 2684 1100 2761 propter
1121 2677 1239 2741 vietum
1263 2677 1404 2740 inanem:
1421 2698 1527 2740 verum

511 2797 594 2884 apud
625 2796 791 2861 honoratos
822 2796 978 2872 Deorum,
1010 2796 1188 2879 quicunqne
1215 2794 1311 2879 gavisi
1334 2796 1459 2858 inerunt
1479 2795 1527 2880 jn·

412 2920 473 2981 120
509 2916 675 3003 risjurandi
699 2916 776 2993 lide,
801 2915 944 2999 lacrymis
968 2936 1042 2978 aevo
1065 2922 1188 2978 carente
1212 2914 1376 2978 munimur:
1392 2912 1440 2977 illi
1456 2936 1528 2977 aero

509 3036 644 3100 laborem
674 3056 735 3099 non
768 3032 1002 3119 adspiciendum
1027 3024 1140 3096 ferunt.
1187 3030 1352 3115 Quotquot
1375 3032 1529 3096 sustinue

509 3164 582 3219 runt
613 3164 659 3219 ter
683 3153 849 3237 utrobique
872 3160 1031 3217 manentes
1056 3152 1094 3216 ab
1119 3151 1274 3236 injustitia
1295 3151 1422 3214 omnino
1445 3149 1527 3215 cohi·

509 3274 579 3338 bere
611 3274 764 3348 animum,
796 3271 949 3356 perfecere
978 3270 1067 3335 Jovis
1098 3272 1176 3334 viam
1208 3268 1247 3333 ad
1278 3268 1372 3333 Groui
1396 3269 1524 3333 turrim:

410 3394 472 3455 130
509 3392 562 3456 ubi
587 3392 745 3456 beatorum
770 3390 888 3454 insulas
913 3411 1004 3453 aurae
1027 3390 1135 3453 oceani
1155 3388 1366 3466 circumdant,
1391 3397 1422 3452 et
1437 3389 1526 3452 flores

508 3511 594 3574 aurei
618 3510 743 3587 ardent,
769 3508 861 3573 aliie
886 3518 965 3573 terra
991 3531 1009 3572 a
1031 3507 1151 3572 decoris
1174 3507 1352 3583 arboribus,
1376 3506 1453 3571 alios
1471 3506 1527 3570 alit

510 3650 609 3712 aqna,
641 3650 770 3711 quorum
804 3627 893 3691 sertis
923 3648 1035 3690 manns
1066 3626 1235 3690 rediminnt
1266 3634 1299 3690 et
1326 3646 1470 3701 coronas,
1494 3626 1527 3688 in

510 3754 593 3809 recto
614 3746 733 3831 judicio
757 3744 1004 3810 Rhadamanthi:
1029 3766 1122 3830 quem
1144 3752 1231 3830 pater
1247 3743 1370 3809 Cronns
1385 3750 1526 3828 paratum

415 3866 473 3927 140
511 3864 569 3928 sihi
585 3886 765 3928 assessorem
783 3863 893 3939 habet,
909 3864 1040 3927 maritus
1055 3861 1176 3940 Rheae,
1193 3884 1371 3946 supremum
1387 3860 1527 3925 omnium

509 3984 655 4046 thronum
688 3982 839 4046 habentis.
888 3980 1000 4045 Peleus
1032 3988 1063 4044 et
1086 3979 1223 4044 Cadmus
1246 3978 1278 4043 in
1302 3980 1341 4043 iis
1364 4000 1526 4042 numeran-

511 4110 580 4165 tur:
614 4106 645 4164 et
675 4098 829 4164 Achillem
861 4121 915 4175 eo,
949 4106 1112 4183 postquam
1142 4097 1230 4161 Jocis
1253 4105 1361 4182 pectus
1384 4094 1527 4180 precibus

509 4219 663 4295 exoravit,
690 4226 787 4282 mater
810 4216 950 4281 advexit:
975 4216 1030 4299 qui
1053 4214 1217 4279 Hectorem
1244 4214 1389 4300 projecit,
1416 4212 1527 4298 'lhojae

510 4338 661 4403 invictum
693 4338 911 4401 inconcussum
944 4334 1104 4412 columen,
1136 4333 1338 4418 Cycnumque
1361 4332 1453 4395 morti
1477 4330 1527 4395 de·

510 4456 573 4533 dit,
607 4466 637 4517 et
671 4458 808 4520 Aurorae
844 4454 942 4517 filiuni
975 4453 1171 4538 Aethiopem.
1218 4451 1323 4516 Multa
1356 4449 1433 4513 mihi
1467 4449 1525 4515 sub
