3725 5542
836 718 919 804 ‘aar

385 945 582 1008 conveniente
605 966 678 1008 sane
701 945 855 1029 epitheto,
880 944 904 1007 si
930 955 1058 1009 venusta
1081 944 1191 1008 decora
1207 946 1392 1029 cogitamus,

386 1084 464 1147 qnae
487 1063 594 1127 Graeci
617 1062 769 1151 Nymphis
792 1063 977 1129 tribuebant.
1000 1064 1114 1129 'Pamen
1138 1065 1176 1129 of.
1200 1064 1256 1129 Ist.
1278 1065 1295 1128 I
1317 1068 1369 1131 72.

327 1196 328 1199 ’
434 1185 482 1247 18.
518 1182 669 1248 Memorat
703 1183 866 1250 scholiasta
902 1192 988 1248 vetus
1023 1184 1062 1248 ad
1096 1184 1127 1248 h.
1158 1185 1199 1263 l.,
1231 1208 1249 1248 a
1279 1186 1393 1251 victore

386 1304 477 1367 etiam
508 1312 624 1388 patrem
648 1310 679 1368 et
701 1304 830 1389 patriam
854 1303 1046 1389 proclamari.
1071 1304 1112 1369 nt
1134 1327 1206 1369 sane
1230 1306 1261 1370 in
1286 1306 1395 1389 quavis

387 1422 510 1508 publica
533 1430 563 1487 et
585 1423 703 1487 solenni
726 1446 775 1501 re,
804 1424 836 1487 in
861 1424 1024 1502 concione,
1049 1424 1081 1489 in
1105 1425 1172 1511 lege
1195 1424 1336 1502 ferenda,
1361 1426 1393 1489 in

386 1541 572 1627 populiscitu
610 1542 792 1623 sanciendo,
832 1544 926 1629 patris
955 1567 1071 1629 ,nomen
1107 1546 1233 1632 adjungi
1268 1545 1395 1611 solebat.

386 1659 470 1739 Nec,
502 1662 527 1725 si
551 1660 711 1747 Olympiae
735 1685 805 1727 cnm
828 1663 951 1728 nomine
973 1664 1147 1729 Psanmidis
1169 1686 1280 1729 nomen
1303 1667 1395 1730 Acro

387 1781 434 1845 uis
466 1781 559 1865 patris
591 1781 771 1845 nunciatum
801 1782 878 1859 fuit,
911 1782 943 1846 id
972 1789 1058 1847 extra
1079 1806 1193 1849 morem
1217 1784 1312 1849 fuisse
1335 1806 1397 1849 cre·

388 1898 522 1964 dandum
561 1908 622 1971 est.¹
663 1899 873 1966 Veruntamen
908 1911 1032 1987 propter
1065 1903 1176 1967 factam
1210 1926 1228 1967 a
1262 1902 1395 1968 Pindaro

388 2019 704 2084 commemorationem
728 2019 891 2084 verisimile
915 2043 980 2085 esse
1004 2021 1162 2099 existimo,
1188 2022 1282 2085 fuisse
1306 2023 1399 2087 Acro·

388 2162 456 2205 nem
480 2138 637 2203 laudatum
661 2139 921 2225 conspicuumque
943 2140 1121 2205 Camarinae
1136 2141 1248 2219 civem,
1265 2141 1395 2205 necdum

388 2280 423 2323 eo
447 2266 581 2344 tempore
604 2257 696 2322 luisse
719 2266 889 2337 mortuum,
914 2259 967 2325 sed
991 2258 1197 2344 grandaevum
1221 2281 1323 2324 senem
1340 2260 1396 2324 filii

389 2377 486 2463 gloria
509 2375 704 2442 delectatum.

434 2498 486 2561 20.
521 2496 589 2560 Jam
613 2519 631 2561 a
653 2494 798 2581 Nympha
821 2494 983 2561 Camarina
1006 2497 1043 2561 ad
1067 2496 1222 2561 Palladem
1247 2498 1397 2562 convertit

389 2616 485 2682 Poeta
514 2616 697 2694 orationem,
729 2615 814 2681 urbis
846 2614 1032 2681 Praesidem.
1078 2616 1234 2682 Dicuntur
1263 2617 1397 2702 origines

388 2736 472 2801 urbis
510 2735 692 2801 Camarinae
730 2736 824 2800 fuisse
862 2734 1063 2801 Phoeniciae:
1081 2736 1106 2820 Ι)
1145 2736 1256 2820 quodsi
1294 2743 1397 2801 antem

388 2855 555 2922 Phoenices
590 2856 664 2921 clari
698 2856 823 2921 fuerunt
858 2854 975 2921 artibus
1008 2856 1206 2942 ipsarumque
1239 2854 1396 2920 literarum

389 2977 561 3041 inventores
584 2976 678 3040 luisse
701 2975 857 3053 feruntur,
882 2975 919 3040 ab
942 2974 1018 3060 ipsis
1033 2976 1097 3059 jam
1117 2974 1243 3038 fumasse
1266 2974 1398 3039 civitatis

388 3093 573 3159 incunabilis
597 3093 640 3158 ibi
663 3092 849 3158 domesticus
872 3093 932 3158 fnit
955 3094 1021 3179 ejus
1044 3092 1127 3157 Deae
1150 3092 1272 3169 cultus,
1305 3114 1397 3177 qnam

390 3210 498 3275 Graeci
530 3210 685 3276 Palladem
717 3220 746 3275 et
778 3211 921 3277 Athenon
953 3211 1199 3297 appellaverunt,
1229 3210 1398 3275 Phoenicas
1443 3245 1447 3255 ·

389 3336 489 3395 antem
513 3328 615 3395 Onoae
638 3330 779 3409 nomine,
803 3353 859 3395 nec
881 3330 958 3416 ipsis
981 3329 1106 3395 Graecis
1129 3328 1304 3413 incognito,
1328 3328 1399 3392 ado-

388 3458 502 3513 rarunt.
519 3450 544 3533 2)
568 3448 674 3527 Certe,
700 3449 726 3513 si
749 3447 955 3526 Camarinaei,
979 3456 1016 3513 ut
1038 3448 1174 3525 videtur,
1199 3447 1320 3511 navium
1346 3448 1398 3511 do

389 3590 567 3652 morumque
591 3567 800 3633 aedificatione
823 3569 1063 3653 praestiterunt,
1088 3566 1171 3630 haud
1196 3566 1310 3652 injuria
1331 3564 1399 3630 Pal·

292 3696 294 3701 '
388 3686 487 3751 ladem
510 3686 672 3751 coluerunt
695 3686 867 3771 praecipua.

433 3806 485 3867 al.
521 3803 671 3877 εὐηράτων.
708 3801 892 3868 Scholiastas
926 3802 1015 3867 video
1052 3801 1184 3886 aliquam
1218 3802 1395 3887 hujusmodi

387 3921 638 4005 significationem
673 3921 745 3986 huic
779 3920 929 4008 adjectivo
960 3920 1113 3997 tribuere,
1145 3942 1223 4005 quae
1255 3921 1295 3985 sit
1326 3942 1395 3985 con·

420 4156 444 4215 1)
462 4154 554 4205 Brunet
571 4156 600 4206 de
617 4156 700 4206 Preale
716 4172 742 4221 p.
761 4156 816 4205 100.

419 4251 443 4311 2)
461 4252 529 4316 Apud
549 4251 633 4301 Aeaah.
655 4252 723 4317 Sept.
739 4268 760 4301 o.
777 4251 823 4301 Th.
843 4250 890 4299 lae
908 4250 1010 4300 chorus:
1027 4247 1125 4319 μάκαιρ’
1141 4246 1221 4301 εἵνεκ’
1232 4248 1314 4314 'om
1349 4249 1394 4299 Ubi

384 4344 526 4395 scholiastae
543 4346 644 4407 docent,
662 4348 742 4397 Oncae
760 4346 857 4397 nomine
875 4344 1004 4410 significari
1022 4343 1132 4394 Atheneo
1150 4343 1269 4393 Thebanis
1283 4345 1395 4393 domesti'

385 4457 450 4501 eam,
474 4442 570 4491 nomine
587 4459 600 4491 a
617 4442 778 4493 Phoenicibus
796 4442 911 4507 repetito,
932 4444 1031 4505 proptor
1049 4438 1134 4488 Cadmi
1150 4439 1304 4488 Phoenicium
1322 4439 1393 4504 origi·

385 4552 448 4587 nam.
471 4535 508 4586 (tt.
526 4554 570 4588 ran
587 4531 703 4605 limburg
722 4539 845 4600 brunner,
863 4536 1005 4587 cirilimtion
1023 4534 1065 4585 das
1081 4534 1167 4595 Graes,
1185 4536 1213 4585 Τ,
1231 4537 1257 4585 ll
1274 4552 1297 4603 p.
1315 4535 1371 4585 882.
