3725 5542
792 757 855 816 549

406 952 518 1028 ποιότης
542 937 584 1019 ποι
607 963 710 1031 γενεῆς
733 979 767 1018 τε
790 954 840 1019 eal
863 953 991 1035 οοῗροοοπος
1015 957 1145 1037 εὗχομοοι
1170 956 1251 1025 εἶνοιι.

317 1070 359 1134 nt
384 1071 519 1136 dixerat:
543 1071 645 1136 πολλοὶ
671 1070 701 1135 li
723 1096 774 1148 ριιν
796 1072 894 1153 ἄνδρες
917 1072 1030 1156 όοοιοιν,
1059 1077 1132 1139 151.

362 1190 415 1252 86.
450 1187 539 1253 timei
559 1187 711 1267 Πειροόνοις.
748 1189 879 1254 Pirenen
903 1190 1135 1257 celeberrimum
1158 1192 1253 1257 fuisse
1276 1193 1337 1257 Go-

316 1306 412 1369 rinthi
434 1305 550 1370 iontem
571 1312 679 1370 uotum
696 1313 756 1370 est:
774 1306 900 1370 fuerunt
916 1307 970 1389 qui
987 1305 1125 1373 dicerent
1142 1310 1206 1395 ejus
1222 1332 1333 1395 aquam

315 1423 407 1487 fnisse
440 1422 543 1502 illam,
576 1445 668 1508 quum
700 1423 743 1495 ab¹
771 1424 876 1509 Asopo
907 1422 1059 1509 Sisyphus
1088 1426 1254 1510 aeoepisset
1278 1448 1332 1512 pro

314 1540 420 1605 indioii
444 1541 593 1626 praemio:
619 1539 710 1605 Paus.
736 1539 772 1603 L.
796 1539 831 1603 II
855 1538 891 1605 C.
915 1540 945 1599 V
972 1543 1000 1605 l.

361 1660 413 1723 87.
452 1658 556 1733 βοόὺν.
593 1657 644 1722 Ol.
680 1656 745 1721 VII
780 1660 820 1722 97
859 1657 941 1729 κλέος
976 1656 1074 1735 eall:
1111 1658 1141 1723 X
1179 1661 1218 1724 10
1253 1659 1332 1737 βοόὺ

314 1778 407 1857 χρέος.
457 1776 524 1841 Ηοο
558 1775 625 1841 loeo
660 1776 824 1861 significari
860 1776 985 1841 videtur
1018 1775 1132 1841 fundus
1168 1776 1269 1854 dives,
1303 1783 1334 1841 et

316 1894 436 1978 proprie
466 1895 509 1972 is,
541 1894 595 1978 qui
624 1902 747 1979 propter
770 1893 968 1958 altitudinem
990 1893 1109 1959 redires
1133 1894 1257 1978 frugum
1282 1891 1333 1957 ad·

314 2010 417 2074 mittut
440 2024 470 2073 et
493 2009 638 2073 alimenta
660 2009 780 2073 habeat.
821 2008 911 2073 Gonf.
937 2010 1047 2074 Aesoh.
1073 2010 1105 2073 S.
1131 2030 1157 2073 c.
1181 2008 1239 2073 Th.
1264 2010 1330 2073 806

314 2128 370 2191 νόον
386 2125 546 2206 βοόόχόοό
570 2122 649 2190 οοόιιν.

360 2246 413 2307 89.
448 2243 580 2325 όφιόόεος
603 2244 662 2307 υἱὸν
684 2242 818 2321 Γοργόνος
842 2242 996 2318 Πάγασον.
1034 2240 1190 2305 Hesiodus
1213 2241 1250 2305 de
1268 2240 1332 2305 Me·

315 2360 410 2438 dusa,
434 2358 550 2444 Theog.
577 2362 641 2424 280

402 2486 456 2552 τῆς
479 2475 504 2540 δ’
526 2477 574 2542 όπε
597 2477 630 2550 δὴ
653 2478 778 2554 Περσεὺς
802 2477 940 2557 κεφαλὴν
964 2474 1223 2557 ἀπεδειροτόμησεν
1230 2525 1241 2555 ,

404 2595 496 2676 ἓιοόορε
523 2593 658 2673 Χρνοόιορ
681 2618 716 2658 πε
738 2592 838 2670 μέρος
861 2590 911 2656 nel
935 2592 1076 2668 Πήγασος
1099 2590 1196 2665 ἵππος.

360 2715 413 2776 92.
447 2712 663 2793 χρνοόροπυκοο.
699 2708 800 2774 Sobel.
835 2716 893 2774 vet.
924 2709 963 2773 ad
993 2708 1044 2774 Ol.
1075 2710 1103 2773 V
1138 2713 1195 2774 15:
1220 2710 1328 2789 ἄμπνξ

313 2831 372 2911 νόορ
394 2831 477 2895 κοινοὶ
499 2829 669 2900 Θετταλοὺς
693 2831 708 2894 ό
730 2829 868 2909 χοιλινός.
1138 2898 1149 2909 ,

359 2950 412 3012 96.
448 2948 574 3013 Αἰολίδα
593 2948 731 3024 βοοιλεῦ.
767 2946 899 3031 Propter
916 2946 1048 3011 Aeolum
1065 2953 1181 3031 patrem
1197 2944 1331 3030 Sisyphi.

360 3060 422 3131 lli.
447 3066 569 3146 φίλτρον
586 3063 709 3130 ἵππειον.
745 3064 836 3129 Haud
854 3064 977 3128 inficete
992 3063 1052 3127 hoe
1069 3062 1240 3127 Scholiasta
1255 3062 1333 3128 dieit

315 3182 475 3264 πικρότερον
511 3192 549 3264 τῇ
586 3188 756 3265 μεταφορᾷ.
802 3180 1024 3245 Verumtamen
1062 3180 1187 3245 omuino
1226 3180 1332 3244 mitem

314 3323 469 3385 suumque
491 3300 564 3363 feeit
586 3300 673 3363 freno
696 3298 751 3363 illo
774 3297 1029 3384 Bellerophontes
1053 3297 1220 3383 Pegasum,
1239 3304 1332 3381 atque

270 3420 277 3429 ’
318 3418 410 3482 etiam
438 3439 471 3481 νε
498 3420 557 3480 121
584 3417 617 3481 id
641 3417 814 3503 appellatur
835 3416 994 3501 φόρμοοκον
1017 3414 1105 3494 προιΰ.

364 3538 416 3600 98.
453 3537 583 3615 Διομοοόιρ
612 3536 711 3617 ποοπρό.
750 3534 868 3624 Pendet
899 3533 1021 3598 dativus
1053 3538 1083 3596 et
1113 3554 1131 3595 a
1160 3533 1231 3598 όόων
1259 3539 1332 3596 eta

317 3651 415 3729 δεῖξον.
451 3652 621 3738 Epitheton
645 3661 748 3717 autem
769 3652 910 3736 Neptuni
927 3656 1064 3736 apertam
1080 3648 1174 3715 habet
1191 3649 1229 3714 sb
1248 3651 1335 3734 equis

316 3768 476 3833 domandis
507 3769 782 3855 significationem,
815 3767 868 3832 sed
902 3788 965 3831 non
989 3766 1049 3830 ulio
1073 3766 1159 3845 loeo,
1184 3774 1335 3850 quantum

315 3888 396 3965 seio,
433 3889 592 3972 reperitur.
641 3887 785 3952 Ceterum
819 3885 1010 3951 Scholiastae
1042 3883 1167 3962 dieunt,
1200 3883 1335 3948 Bellero·

315 4006 453 4091 phonten
483 4007 578 4070 fuisse
606 4006 746 4070 habitum
770 4005 867 4070 filium
891 4004 1018 4081 Glauci,
1044 4002 1199 4087 quomodo
1216 4000 1333 4067 Hereu-

314 4124 374 4188 lem
399 4124 649 4208 Amphitryonis,
674 4124 728 4187 sed
749 4145 851 4187 revera
873 4123 968 4187 fuisse
984 4121 1134 4207 Neptuni.
1171 4120 1331 4204 Hyginus,

313 4240 388 4305 Fab.
416 4244 495 4319 lar,
519 4240 609 4305 illum
633 4240 769 4325 appellat
791 4239 891 4303 filium
914 4238 1056 4323 Neptuni
1080 4244 1111 4302 et
1131 4236 1329 4320 Eurynomes.

312 4356 380 4423 Neo
403 4358 463 4422 aliu
485 4357 524 4422 de
547 4380 582 4421 ea
608 4380 655 4436 re,
681 4364 832 4443 quantum
859 4356 941 4433 seio,
965 4362 1065 4420 exstat
1087 4354 1241 4419 memoria.
1288 4353 1332 4416 At

312 4473 478 4554 Medusae,
502 4474 672 4540 seeundum
697 4472 825 4539 Hesiod.
850 4472 969 4559 Theog.
995 4474 1077 4550 278,
