3725 5542
792 730 855 789 545

321 924 531 991 fortitudinem
559 924 704 990 militiae:
737 925 846 1008 prioris
877 926 997 1009 generis
1028 935 1102 990 sunt
1125 927 1274 1013 Sisyphus
1299 938 1329 993 et

322 1040 446 1109 Medea:
471 1043 598 1107 alterius
621 1042 727 1105 heroes
750 1043 783 1106 in
807 1041 889 1105 bello
911 1042 1054 1128 Trojano.

364 1164 415 1226 72.
452 1161 592 1242 Σίσυφον.
628 1160 760 1245 Sisypho
793 1160 875 1224 haud
907 1161 968 1247 fuit
999 1163 1109 1227 eximia
1138 1164 1329 1229 innocentiae

320 1278 406 1341 lama.
454 1277 640 1341 Philoctetes
664 1276 886 1362 Neoptolemo,
910 1278 994 1362 apud
1017 1277 1111 1363 Soph.
1141 1282 1223 1343 1310

561 1396 614 1469 τὴν
635 1392 726 1476 φύσιν
747 1395 772 1457 δ’
794 1393 905 1471 ἔδειξοις
929 1391 950 1458 ὦ
972 1394 1069 1460 τέκνον

495 1510 529 1588 ἐξ
549 1510 581 1587 ἧς
604 1511 770 1589 ἔβλαστεν,
793 1512 860 1590 οὐχὶ
885 1512 1018 1594 Σισύφου
1042 1512 1161 1593 σοιτρός.

300 1624 503 1707 'Aeschinem
528 1629 567 1692 de
589 1628 680 1693 Falsa
701 1627 886 1714 Legatione,
911 1628 1113 1694 Demostheni
1136 1631 1328 1708 convicians,

319 1746 405 1810 illum
429 1746 594 1835 Sisyphum
617 1746 765 1830 appellat:
789 1768 859 1830 pag.
883 1750 1020 1828 (stereot.
1049 1748 1134 1832 103.)
1150 1746 1255 1831 Steph.
1274 1752 1327 1812 33.

320 1860 359 1925 ln
381 1862 522 1926 novimus
545 1884 658 1947 poenas
683 1865 748 1947 ejus
771 1864 803 1926 in
826 1863 951 1939 inferis,
977 1862 1070 1927 Hom.
1095 1862 1155 1928 Od.
1181 1862 1229 1927 XI
1247 1868 1329 1942 592,

320 1979 370 2045 ubi
394 1978 486 2064 Tityo
508 1990 540 2043 ct
561 1979 692 2043 Tantalo
716 1980 904 2065 adjungitur.
953 1980 994 2043 Et
1018 1979 1099 2066 apud
1124 1981 1273 2060 eundem,
1290 1982 1328 2045 Il.

318 2096 364 2159 VI
391 2100 468 2174 loa,
492 2095 545 2161 ille
569 2104 615 2160 est
637 2096 779 2178 κέρδιστος
801 2098 921 2176 ἀνδρῶνι
948 2098 1031 2182 quod
1055 2099 1156 2183 ipsum
1172 2107 1274 2163 tamen
1292 2122 1330 2163 an

318 2214 474 2299 opprobrii
504 2236 596 2278 eausa
627 2214 745 2282 dictum
773 2216 831 2293 sit,
856 2215 1061 2280 dubitandum
1086 2216 1224 2280 videtur:
1250 2226 1330 2280 certe
1405 2236 1410 2243 “

317 2334 480 2410 πολύμητις
503 2308 677 2405 Ὀδυσσεὺς,
699 2332 738 2396 Il.
762 2332 780 2397 I
803 2336 884 2411 311,
906 2343 936 2398 et
952 2336 1179 2415 canonizatum,
1197 2333 1232 2397 Π
1250 2336 1330 2411 173,

317 2457 347 2513 et
370 2449 417 2514 Ari
441 2458 531 2527 μῆτιν
552 2449 737 2527 archanas,
764 2451 845 2529 139,
870 2459 901 2513 et

360 2566 437 2639 εἰδὼς
466 2566 617 2638 παντοίους
647 2591 682 2631 τε
712 2566 810 2638 δόλους
837 2567 887 2632 aa}
910 2566 1009 2645 μήδεσι
1030 2568 1144 2643 πυκνοὶ,
1169 2567 1330 2646 111203,

316 2706 379 2748 nou
402 2684 594 2768 vituperatur
617 2691 742 2768 propter
764 2672 1019 2747 eam'solertiam.
1058 2682 1228 2769 Ipsumque
1245 2705 1331 2749 voca·

316 2800 423 2865 bulum
454 2810 501 2865 est
531 2801 763 2886 significationis
794 2801 976 2879 laudabilis,
1008 2800 1102 2886 Soph.
1132 2803 1180 2886 nj.
1208 2804 1270 2868 743
1295 2803 1328 2867 τὸ

315 2916 456 2999 κέρδιστον
477 2920 610 2997 γνώμοσι
629 2919 791 2984 utilissima
807 2920 968 2984 sententia.
1004 2918 1046 2983 Et
1062 2919 1144 3003 apud
1159 2918 1328 2984 Pindarum

316 3036 439 3122 quidem
471 3045 592 3123 praeter
614 3036 697 3100 hunc
720 3035 822 3101 locum
845 3058 909 3101 una
930 3043 1053 3101 tantum
1076 3037 1192 3100 mentio
1215 3044 1262 3101 est
1284 3035 1330 3100 si-

314 3152 421 3239 syphi,
444 3152 567 3239 Fragm.
591 3152 647 3217 Ist.
672 3153 754 3239 apud
777 3152 934 3238 Heyniom
958 3159 990 3217 et
1012 3152 1204 3217 Boeclrhium
1227 3153 1260 3232 I,

561 3273 698 3337 Αἰολιδοον
721 3272 751 3336 δὲ
775 3272 905 3355 Σίσυφον
927 3271 1061 3337 κέκλοντο

561 3384 583 3471 ᾧ
604 3389 685 3453 ιιιιιδὶ
708 3389 892 3472 σνλέφοοντον
914 3390 993 3470 ὅρσοοι

560 3506 649 3585 φέροις
672 3507 802 3587 Φθιμένῳ
824 3507 1002 3588 Μελικέρσρι.

312 3624 354 3688 In
373 3625 462 3710 cujus
478 3623 640 3707 fragmenti
655 3623 807 3707 scriptura
816 3622 999 3709 ‘Boeckhius
1015 3622 1165 3707 quaedam
1182 3622 1326 3685 mutavit:

312 3740 369 3805 sed
392 3741 431 3805 de
454 3762 489 3805 ea
512 3762 595 3805 nuno
618 3740 776 3824 disputare
800 3748 885 3817 entra
907 3740 1099 3823 propositum
1124 3747 1179 3803 est.
1212 3738 1326 3803 Verum

312 3859 347 3923 id
379 3858 505 3922 omnino
527 3860 677 3944 pertinere
700 3856 822 3921 videtur
845 3856 884 3920 ad
907 3855 979 3934 illa,
1004 3879 1082 3941 quae
1106 3856 1273 3921 traduntur
1295 3858 1326 3920 in

311 3976 439 4040 scholiis
462 3975 500 4039 sd
525 3975 673 4050 Isthmia,
695 3973 858 4052 Nereides,
876 3973 1038 4057 inquibus
1055 3974 1329 4039 etiamInoluerit

310 4095 438 4159 nomine
466 4093 661 4169 Leucothea,
694 4094 872 4177 apparuisse
902 4092 1034 4179 Sisypho
1066 4081 1197 4176 eumque
1221 4091 1327 4156 adhor-

310 4220 395 4277 tatas
429 4236 493 4277 esse
524 4220 561 4275 ot
593 4212 625 4274 in
655 4209 833 4275 Melicertes
864 4212 927 4275 sive
958 4210 1150 4275 Palaemonis
1180 4210 1327 4273 honorem

309 4330 462 4395 Isthmios
500 4330 591 4393 ludos
626 4328 811 4393 institueret,
859 4327 960 4409 Quam
995 4350 1059 4392 rem
1095 4327 1187 4391 etiam
1223 4327 1328 4411 attigit

309 4450 487 4513 narratione
509 4446 678 4512 Pausanias
700 4445 738 4511 L.
762 4446 797 4509 Π
820 4445 856 4511 C.
880 4445 897 4509 Ι
921 4449 952 4512 3.
996 4448 1099 4531 Atque
1122 4446 1189 4531 ipsa
1212 4466 1326 4531 poena,

1155 4566 1191 4621 35
