3725 5542
974 711 1043 775 sla
1107 770 1111 777 .

506 916 572 987 tur,
597 910 725 974 sortasse
737 909 862 975 verbum
873 911 1030 991 προστιθείς
1042 932 1105 975 uon
1116 909 1258 975 dissimili
1269 910 1361 975 modo
1377 913 1512 999 positum

506 1038 569 1107 est,
594 1036 629 1092 ut
652 1030 717 1114 ipse
739 1028 879 1093 Psaumis
902 1030 982 1092 vitae
1004 1051 1077 1093 suae
1098 1028 1276 1094 felicitatem
1294 1046 1326 1095 et
1341 1032 1452 1096 bonam
1470 1032 1512 1097 ta·

507 1170 587 1210 mam
599 1147 773 1232 adjunxisse
785 1146 983 1231 significetur.
1007 1146 1048 1209 Et
1059 1155 1161 1211 tamen
1173 1170 1191 1211 a
1201 1148 1343 1232 superbia
1357 1159 1389 1212 et
1399 1149 1512 1213 fiducia

507 1265 640 1330 alienum
672 1288 736 1329 esse
765 1264 952 1342 Pindarum,
974 1286 1037 1329 non
1061 1287 1139 1350 opus
1162 1274 1209 1329 cst
1230 1287 1361 1331 monere.
1397 1267 1512 1331 Verum

506 1384 533 1447 si
548 1384 605 1460 ¹cui
625 1383 700 1448 baec
722 1384 766 1447 ita
788 1382 980 1468 obtigerunt,
1000 1382 1074 1446 huic
1091 1406 1232 1468 suprema
1247 1385 1350 1448 omnia
1365 1386 1511 1469 obtigisse

506 1502 660 1589 praedicat
690 1525 745 1567 nec
776 1503 814 1567 ab
844 1525 880 1566 eo
902 1503 1017 1587 majora
1046 1524 1135 1587 posse
1166 1505 1274 1588 optari.
1322 1503 1406 1568 Haec
1428 1504 1509 1570 euim

506 1622 657 1686 sententia
680 1630 725 1685 est
748 1621 890 1685 carminis
913 1622 1029 1698 exitus,
1051 1643 1115 1685 non
1139 1621 1227 1685 illum
1246 1644 1356 1707 cupere
1370 1630 1511 1707 oportere

505 1740 567 1803 lieri
593 1738 700 1803 deum:
725 1739 836 1804 babere
858 1739 963 1817 illum,
987 1763 1065 1825 quae
1085 1739 1177 1804 homo
1200 1740 1310 1805 babere
1334 1742 1440 1826 possit

914 1984 1102 1994 ———--

867 2152 1062 2220 OLYMPIA
1091 2155 1148 2221 VI.

549 2347 655 2413 Cicero
686 2348 724 2413 do
755 2347 943 2415 divinatione
973 2348 1010 2413 L.
1034 2350 1052 2414 Ι
1074 2348 1110 2414 0.
1134 2352 1195 2413 41:
1218 2347 1330 2427 ,‚Lioet
1352 2348 1454 2413 ridere
1477 2355 1509 2414 et

502 2488 618 2551 genero
647 2466 797 2551 quaedam
826 2476 855 2531 et
885 2468 1026 2532 nationes
1048 2468 1121 2532 huic
1144 2468 1288 2532 scientiae
1311 2466 1441 2532 deditas.
1463 2504 1509 2517 -

506 2584 572 2648 Elis
596 2586 627 2649 in
651 2584 861 2670 Peloponneso
885 2585 1016 2650 familias
1039 2586 1115 2651 duas
1138 2593 1235 2650 certas
1255 2584 1362 2663 babet,
1378 2584 1512 2655 Jumida·

506 2726 574 2767 rum
596 2724 707 2780 unam,
731 2703 855 2767 alteram
881 2702 1089 2789 Clytidarum‚
1114 2704 1326 2789 haruspicinae
1348 2702 1509 2768 nobilitate

505 2821 724 2907 praestantes.”
770 2822 862 2907 Apud
895 2820 1089 2887 Herodotum
1120 2830 1166 2886 est
1188 2822 1349 2886 memoriae
1371 2822 1505 2900 Calliae,

505 2940 583 3003 vatis
612 2938 680 3003 Elei
712 2962 746 3003 er
771 2948 862 3025 geute
883 2939 1093 3019 Jamidarum,
1117 2963 1209 3026 quem
1231 2940 1427 3003 Crotoniatae
1449 2940 1509 3005 sibi

505 3058 537 3121 in
572 3058 652 3121 bello
688 3058 833 3123 adversus
863 3058 1018 3143 Sybaritas
1049 3058 1183 3125 adfuisse
1215 3058 1366 3134 dicerent,
1398 3067 1430 3121 et
1460 3058 1510 3122 cui

505 3176 604 3241 multa
632 3178 742 3241 eximia
771 3177 885 3241 donata
915 3201 986 3242 use
1010 3177 1223 3242 ostenderent:
1248 3176 1361 3261 quibus
1384 3176 1510 3262 quidem

506 3296 598 3359 etiam
626 3294 776 3359 Herodoti
800 3304 898 3359 aetate
922 3294 1024 3359 sdbuc
1047 3295 1163 3359 Galbae
1186 3295 1300 3380 posteri
1314 3294 1509 3359 fruebantur:

507 3412 618 3493 Vos,
643 3418 696 3477 45.
743 3414 790 3477 Ex
822 3413 927 3478 eadem
950 3423 1042 3499 gente
1064 3424 1252 3478 memoratur
1274 3412 1355 3497 apud
1379 3412 1511 3476 eundem

505 3528 684 3597 tisamenus
706 3530 815 3607 Eleus,
840 3553 932 3616 quom
952 3534 1032 3598 tanti
1055 3534 1194 3598 iecerunt
1208 3530 1455 3608 Lacedaemonii,
1473 3537 1511 3594 ut

505 3648 593 3714 illurn
617 3659 648 3714 et
670 3650 792 3715 batrem
815 3651 880 3736 ejus
904 3652 985 3716 cives
1008 3674 1080 3716 suos
1103 3650 1247 3727 feceriut,
1271 3650 1299 3713 si
1313 3649 1373 3714 sibi
1390 3658 1511 3734 praesto

506 3790 569 3832 csse
605 3768 705 3832 vellet.
752 3767 793 3832 Et
824 3776 943 3854 praeter
973 3769 1028 3832 hos
1059 3768 1137 3833 duos
1168 3790 1257 3833 nemo
1286 3766 1463 3832 mortalium
1493 3789 1512 3831 a

506 3884 662 3973 Spartanis
691 3887 812 3951 civitate
843 3887 976 3952 donatus
1007 3896 1063 3952 ost.
1110 3886 1169 3951 Ille
1199 3896 1303 3951 autem
1330 3885 1511 3951 Tisamenus
1539 3900 1547 3911 ·

507 4006 645 4090 quinque
668 4004 792 4090 proeliis
815 4004 973 4091 Spartanis
995 4006 1149 4091 haruspex
1171 4004 1285 4069 adfuit:
1310 4026 1439 4088 quorum
1454 4003 1514 4089 pri-

505 4148 590 4189 mum
621 4125 681 4189 fuit
711 4125 956 4189 illustrissimum
985 4124 1136 4209 proelium
1165 4123 1353 4187 Plataceuse.
1376 4122 1425 4186 IX
1449 4124 1511 4199 33,

507 4246 560 4308 35.
607 4242 648 4306 Et
679 4242 854 4308 Herodotus
883 4242 1009 4328 quidem
1038 4265 1108 4308 eum
1140 4240 1275 4327 appellat
1296 4242 1382 4305 ἐόντα
1402 4244 1514 4305 Ἠλεῖον

507 4362 555 4429 acl
591 4364 687 4439 γένεος
722 4369 773 4429 τοῦ
807 4362 954 4441 Ἰαμιδέων
988 4360 1165 4435 Ktareddna:
1197 4359 1235 4424 de
1266 4382 1329 4444 quo
1360 4365 1513 4444 postremo

507 4480 656 4546 vocabulo
691 4503 753 4547 nou
788 4483 854 4547 sine
888 4504 982 4547 eausa
1010 4481 1163 4547 dubitatio
1193 4488 1225 4544 ct
1255 4478 1424 4563 disputatio
1454 4468 1512 4543 cat.
