3725 5542
815 720 879 783 323

347 921 524 1004 laudandis,
553 934 583 985 et
606 930 652 985 est
675 920 790 985 decoris
814 928 968 1004 praeterea
991 921 1164 1006 amplisque
1186 931 1217 986 et
1241 924 1353 1007 gravis-

346 1041 429 1105 simis
458 1037 700 1124 digressionibus
724 1039 922 1122 conspicuum
947 1049 979 1103 et
1001 1040 1169 1124 copiosum.
1216 1040 1261 1105 Ut
1284 1049 1353 1126 post

347 1160 470 1222 tertium
497 1180 617 1223 carmen
642 1178 732 1221 causa
754 1157 864 1235 fuerit,
889 1180 944 1221 cur
966 1157 1063 1221 Poeta
1085 1159 1255 1225 secuudum
1277 1160 1354 1224 The-

345 1278 413 1341 roni
438 1277 566 1354 iaceret,
590 1276 741 1341 contraria
764 1297 855 1340 causa
877 1298 940 1341 non
962 1277 1064 1342 fuerit.

332 1538 364 1571 ·.
394 1517 423 1578 l.
457 1512 637 1595 φιλιξείνιις.
674 1512 788 1599 Magna
810 1513 877 1578 laus
900 1512 1144 1599 Tyndaridarum
1171 1515 1204 1579 in
1221 1515 1355 1579 mortali-

346 1634 403 1697 bus
420 1632 600 1718 adjuvandis
616 1632 685 1697 luit.
710 1630 793 1696 Nota
809 1632 909 1706 estde
925 1641 1045 1697 servato
1064 1633 1102 1698 ab
1119 1631 1182 1697 illis
1197 1632 1354 1698 Simonide

347 1752 497 1827 narratio,
533 1758 605 1815 nota
639 1750 677 1813 de
708 1749 821 1835 adjutis
853 1750 1082 1835 navigatoribus
1113 1759 1144 1815 et
1174 1753 1351 1838 permulgata

347 1869 434 1933 lama.
480 1868 662 1933 Theocritus
690 1868 760 1932 illos
788 1867 953 1953 appellavit
985 1869 1280 1948 decertationibus,
1307 1870 1354 1934 Id.

280 2052 284 2061 ,
348 1986 452 2051 XXII.
478 1990 529 2051 23.
578 1984 664 2067 Quae
695 2008 877 2071 persequens
901 1986 1082 2051 Brourrerus
1104 1988 1240 2052 ostendit
1260 1987 1356 2053 diver-

347 2129 410 2171 sam
435 2105 586 2190 quandam
611 2104 796 2169 Graecorum
820 2105 857 2171 de
880 2106 956 2191 ipsis
979 2105 1047 2169 Diis
1070 2114 1100 2171 et
1119 2107 1157 2170 de
1173 2108 1354 2172 mortalibus

348 2224 508 2289 divinitate
539 2224 660 2288 donatis
691 2224 891 2287 sententiam:
925 2222 995 2287 illos
1026 2225 1105 2288 enirn
1138 2233 1168 2287 et
1191 2225 1354 2290 saeviendo

348 2350 379 2408 et
401 2341 573 2427 adjuvando
598 2341 765 2426 potentiam
789 2340 971 2441 ostendisse,
993 2342 1049 2405 bos
1069 2343 1158 2406 unice
1179 2341 1355 2407 auxiliando

347 2462 507 2526 delectari:
543 2460 623 2524 Hist.
655 2460 692 2525 de
723 2460 753 2523 la
783 2459 976 2524 Civilisation
1007 2460 1061 2525 Gr.
1093 2460 1128 2524 T.
1161 2460 1189 2520 V
1223 2482 1256 2547 p:
1277 2464 1353 2526 436.

347 2578 497 2645 Pindarus
521 2587 621 2643 autem
647 2578 720 2642 alibi
739 2577 922 2663 Tyndaridis
940 2579 1040 2663 justos
1064 2579 1203 2643 homines
1223 2580 1353 2643 maxime

346 2720 436 2763 curae
460 2720 525 2762 esse
548 2696 641 2774 dicit,
671 2695 761 2761 Nem.
785 2696 824 2760 X.
852 2699 933 2761 100:
960 2698 1017 2762 boc
1041 2720 1111 2761 vero
1134 2697 1201 2761 loco
1225 2719 1279 2761 our
1302 2720 1353 2762 eos

347 2818 538 2902 potissimum
561 2824 648 2880 ornet
672 2815 763 2881 laude
787 2814 1022 2900 hospitalitatis,
1053 2838 1132 2900 quae
1155 2826 1256 2881 tamen
1282 2839 1350 2881 cum

346 2938 488 3001 universa
516 2936 570 3000 illa
597 2936 762 3021 adjuvandi
786 2936 876 3000 laude
900 2936 1151 3020 conjunctissima
1172 2944 1235 3015 est,
1260 2958 1353 2999 causa

347 3078 411 3120 esse
441 3056 578 3134 videtur,
612 3054 695 3139 quod
726 3056 791 3156 ipse
819 3054 937 3133 Thero,
962 3054 1063 3119 cultor
1085 3053 1228 3132 illorum,
1253 3038 1372 3140 hospi-⁶

346 3174 465 3239 talitate
496 3174 626 3239 maxime
649 3174 833 3259 conspicuus
857 3174 925 3237 luit.
973 3172 1053 3237 Vide
1076 3172 1127 3237 01.
1152 3173 1186 3237 Π
1213 3176 1270 3238 ll:
1299 3174 1353 3239 ubi

347 3293 413 3379 ipsa
434 3292 489 3356 illa
512 3292 609 3357 virtus
629 3292 769 3376 justitiae
794 3292 917 3357 nomine
934 3291 1115 3357 celebretur.
1145 3290 1186 3355 Et
1202 3293 1356 3378 quomodo

349 3412 472 3477 violatio
503 3411 660 3497 hospitum
692 3432 727 3475 ex
756 3418 854 3477 vetere
878 3410 1065 3476 Graecorum
1088 3413 1241 3477 sententia
1263 3414 1357 3476 maxi·

347 3553 412 3595 mae
431 3531 630 3595 immanitatis
648 3531 722 3609 fuit,
744 3533 787 3596 sic
809 3532 973 3618 praecipua
992 3532 1087 3596 virtus
1108 3541 1139 3595 et
1159 3554 1270 3617 magna
1285 3554 1355 3616 pars

343 3652 480 3737 justitiae
508 3650 624 3715 inillis
647 3630 785 3715 tutandis
808 3651 987 3737 ponebatur.
1018 3650 1137 3716 Eximie
1157 3650 1354 3729 Brouwerus,

348 3792 442 3855 quum
471 3792 489 3833 a
515 3768 648 3834 Pindaro
671 3768 842 3851 φιλόξεινοι,
871 3792 890 3834 a
911 3769 1075 3834 Theocrito
1098 3771 1224 3835 lueretur
1246 3770 1355 3847 βιηθδιι

347 3889 534 3966 dicerentur,
559 3889 853 3975 praestantissimum
876 3910 927 3953 eos
951 3887 1026 3953 dicit
1044 3888 1172 3953 titulum
1188 3889 1353 3974 accepisse,

348 4007 400 4091 qui
416 4008 447 4071 in
465 4006 593 4073 Graecia
609 4007 744 4092 potuerit
760 4006 828 4072 Diis
848 4006 955 4071 tribui.
980 4006 1120 4071 Fortasse
1136 4006 1173 4071 ad
1186 4006 1355 4071 Pindarum

347 4126 481 4211 respexit
492 4125 656 4203 Libanius,
674 4125 730 4211 Ep.
746 4128 819 4204 112,
839 4126 870 4189 in
886 4125 1048 4190 Themistii
1064 4124 1207 4190 laudibus
1223 4147 1354 4211 ponens,

348 4244 431 4327 quod
454 4244 508 4309 illo
531 4266 620 4309 nemo
642 4246 740 4330 magis
760 4243 951 4328 Tyndaridas
971 4243 1053 4308 colet
1068 4244 1171 4309 studio
1187 4244 1352 4329 hospitum.

393 4366 422 4427 2.
452 4362 564 4446 Ἑλένᾳ.
594 4361 682 4427 Soeia
707 4363 762 4426 illa
777 4385 931 4427 sacrorum
947 4362 1149 4427 fraternorum
1165 4362 1235 4427 fuit.
1260 4362 1353 4446 Apud

349 4480 527 4566 Euripidem
551 4482 693 4547 Dioscuri
718 4504 784 4547 eam
807 4481 982 4568 appellant,
1006 4480 1078 4546 Hel.
1105 4484 1189 4546 1666

1176 4602 1233 4661 21*
