3725 5542
986 736 1051 797 490

513 930 710 1016 Epharmoati
730 931 828 996 Poeta
849 932 1001 1010 laudavit,
1025 935 1090 1017 ejus
1106 935 1246 1021 exemplo
1262 936 1440 1015 adducitur,
1457 938 1533 1005 ltoti

512 1058 624 1112 natura
654 1047 695 1112 ad
719 1050 902 1127 certamina,
926 1056 962 1114 ut
985 1062 1114 1117 naturae
1136 1053 1354 1135 praestantiam
1377 1052 1530 1131 celebrat,

511 1163 606 1247 idque
629 1187 748 1249 semper
770 1166 922 1252 optimum
946 1189 1010 1230 esse
1029 1166 1166 1253 judicet,
1191 1170 1276 1254 qnod
1299 1172 1365 1255 ejus
1384 1192 1444 1255 ope
1458 1170 1530 1239 fiat:

510 1281 624 1345 multos
646 1282 772 1365 quidem
793 1284 860 1347 aine
881 1291 994 1379 natum
1016 1294 1142 1349 conatos
1165 1308 1230 1351 esse
1253 1296 1333 1354 artes
1357 1287 1530 1373 perdimere

510 1407 542 1462 et
564 1422 709 1484 quaerere
731 1401 880 1485 gloriam,
905 1424 1010 1467 verum
1033 1401 1104 1467 illos
1128 1424 1189 1467 non
1213 1426 1249 1469 ea
1264 1404 1435 1489 peperisse,
1451 1424 1531 1489 quen

510 1519 672 1603 praeoouio
694 1518 789 1603 digna
811 1528 923 1583 essent.
960 1520 1107 1587 memet
1130 1522 1233 1600 ἀρεταὶ
1257 1532 1459 1606 opponuntur
1478 1542 1532 1585 nar

510 1645 611 1701 turae:
635 1658 732 1720 quum
755 1659 827 1701 vero
849 1660 884 1700 va
910 1639 973 1700 156
995 1637 1076 1702 lacta
1090 1638 1156 1702 sine
1172 1638 1239 1705 Deo
1255 1660 1350 1725 opera
1363 1648 1530 1717 memoret,

506 1764 646 1839 apertum
675 1762 739 1832 est,
763 1776 835 1819 eum
857 1754 913 1818 illa
936 1754 1127 1841 significare,
1152 1777 1232 1838 quae
1256 1756 1344 1841 quis,
1369 1757 1532 1823 deficiente

507 1881 634 1951 natura,
669 1882 771 1936 tamen
795 1872 912 1937 efficere
935 1871 1076 1937 voluerit
1123 1870 1209 1937 Ordo
1232 1881 1336 1937 antem
1360 1876 1532 1941 sententiae

505 1991 550 2054 ibi
572 1999 619 2054 eat
642 1989 839 2075 hujusmodi:
862 1988 957 2069 χρῆμ’
983 1986 1106 2055 ἕκαστον
1131 1990 1201 2055 ἄνευ
1223 1992 1286 2055 θεοῦ
1309 1992 1342 2055 οὔ
1366 1992 1531 2071 σκαιότερον

506 2104 716 2181 romanam:
740 2124 882 2189 quaeque
903 2102 972 2167 Deo
995 2102 1143 2167 destituta
1166 2125 1213 2169 res
1232 2126 1296 2169 non
1316 2112 1363 2168 est
1377 2104 1529 2183 damnor,

506 2222 534 2285 si
555 2221 681 2300 siletur,
706 2244 769 2287 non
794 2222 906 2306 aooipit
928 2244 948 2285 a
969 2222 1091 2287 silentio
1114 2222 1352 2287 detrimentum:
1370 2222 1531 2291 silentium

507 2339 537 2404 ei
567 2348 614 2403 eat
635 2339 830 2405 conveniens.
876 2337 979 2419 Quam
1003 2339 1085 2403 enim
1108 2339 1264 2424 praeclara
1285 2338 1423 2403 faoinmn
1443 2361 1531 2425 prae-

507 2458 632 2523 oonium
654 2479 838 2542 oarmenque
861 2456 1054 2533 desiderant,
1078 2464 1142 2520 tam
1165 2465 1212 2521 eat
1233 2457 1384 2543 injustum
1403 2456 1528 2523 laudem

506 2573 599 2638 rebus
629 2573 799 2639 humilibus
831 2574 996 2659 impertire.
1042 2572 1090 2637 De
1113 2582 1225 2639 natura
1248 2573 1369 2659 Deique
1391 2596 1450 2660 ope
1472 2576 1531 2641 rir-

507 2698 611 2755 tutum
633 2692 784 2756 effectrioe
805 2692 886 2757 conl.
911 2714 945 2755 rs
968 2694 1022 2755 42.

554 2810 628 2873 156.
661 2810 731 2874 ἄνευ
753 2811 784 2873 δὲ
805 2812 868 2875 θεοῦ
886 2835 914 2875 ιι.
931 2836 960 2876 τ.
976 2825 1005 2875 λ
1039 2809 1154 2875 Similia
1171 2810 1319 2877 orationis
1333 2811 1527 2877 oonatruotio

507 2936 555 2990 eat
577 2925 685 3016 Ilnrip.
708 2926 868 2995 Heraclid.
893 2931 959 2993 352

708 3052 844 3125 νικωμένη
866 3051 927 3131 γὰρ
951 3050 1080 3121 Παλλὰς
1103 3052 1155 3114 erle
1178 3048 1324 3125 ἐνέξεται.

555 3170 628 3231 158.
662 3169 721 3233 ἐπὶ
750 3169 812 3245 γὰρ
837 3166 940 3232 ἄλλιιι
976 3166 1162 3251 Oonjunotio
1185 3167 1246 3244 γὰρ
1268 3167 1344 3231 haee
1368 3188 1431 3231 non
1455 3188 1526 3231 oum

503 3285 756 3370 praeoadentibua
790 3284 933 3370 oopulat,
970 3284 1026 3348 aed
1060 3292 1107 3348 eet
1141 3283 1180 3349 ad
1212 3305 1336 3349 eausam
1368 3284 1526 3368 saqumtis

503 3404 673 3468 sententiae
696 3401 927 3488 significandam
950 3402 983 3465 in
1000 3401 1116 3486 protasi
1132 3400 1243 3485 positu
1279 3400 1428 3465 Similiter
1443 3400 1525 3485 apud

503 3521 697 3587 Herodotum
720 3522 754 3586 in
777 3521 910 3605 epistola
931 3518 1071 3603 Harpagl
1094 3518 1133 3582 ad
1155 3516 1272 3603 Cyrum
1297 3516 1315 3581 l
1340 3520 1416 3581 124:
1432 3516 1454 3583 ὖ
1469 3526 1531 3589 ω’

503 3642 693 3721 Καμβύσεω,
724 3641 758 3705 σὲ
789 3641 850 3719 γὰρ
881 3640 934 3704 θεοὶ
963 3636 1114 3717 ternplum·
1138 3639 1169 3701 erl
1192 3636 1252 3717 γὰρ
1277 3634 1315 3701 ἄν
1338 3660 1406 3705 κοτε
1427 3639 1458 3707 ἐς
1479 3660 1526 3701 το-

506 3767 608 3826 ιοῦτον
628 3762 726 3841 τύχης
746 3759 872 3823 extm-
895 3759 933 3821 σὺ
956 3763 1004 3820 νῦν
1024 3754 1202 3831 Ἀστυάγεα
1219 3754 1268 3819 τὸν
1286 3758 1413 3819 σεωυτοῦ
1434 3754 1528 3835 φονέα

506 3881 597 3945 τίσιν.
632 3878 674 3942 Et
692 3877 791 3942 multa
805 3873 985 3960 hujusmodi
1001 3871 1140 3957 exempla
1155 3880 1243 3937 aunt:
1261 3872 1342 3935 ooul.
1358 3871 1527 3947 Matthiae,

507 3998 595 4083 Synt.
618 4020 649 4081 p.
677 3996 773 4059 1242.
818 3992 876 4057 Fat
898 4000 1002 4056 eutem
1026 4012 1088 4056 uon
1104 3989 1234 4075 simplex
1251 3991 1403 4074 protasia,
1420 4010 1526 4055 rernm

507 4116 639 4180 manime
671 4112 804 4197 duplex,
839 4132 936 4196 quum
972 4108 1102 4193 primurn
1138 4106 1322 4171 sententiam
1353 4108 1527 4176 universam

506 4232 602 4295 Poeta
625 4239 792 4317 proponat,
815 4229 874 4294 ἐντὶ
897 4264 945 4275 -
968 4222 1104 4301 μελέταις
1127 4232 1197 4288 tum
1221 4245 1291 4287 vero
1314 4223 1352 4288 de
1376 4246 1409 4289 re
1424 4225 1529 4307 singu·

507 4351 565 4416 lari
599 4350 799 4436 pronunciet,
830 4347 932 4424 σιιφίιιι
964 4343 1018 4421 μὲν
1049 4342 1187 4407 nestum.
1236 4340 1390 4427 Apodoais
1421 4350 1527 4409 auteur

507 4490 604 4559 quum
632 4468 672 4532 ad
701 4476 799 4533 totam
828 4463 954 4549 quidem
984 4460 1186 4536 sententiam,
1210 4457 1272 4523 aed
1304 4459 1402 4545 magis
1425 4468 1528 4525 tamen
