3725 5542
847 745 911 806 381

377 955 492 1032 septem
524 945 605 1028 rogis
636 950 738 1008 esseut
768 950 944 1007 consumta:
976 942 1132 1007 conferens
1156 909 1248 1006 Hom.
1273 941 1311 1006 ll.
1336 941 1383 1005 VI

378 1066 440 1128 331

464 1181 535 1246 ἄλλ’
558 1180 634 1263 ἄνω,
657 1182 699 1256 μὴ
722 1181 810 1260 ’τάχει
834 1179 911 1246 ἄστυ
934 1183 1020 1261 πυρὸς
1044 1180 1124 1255 δηίων
1147 1181 1275 1260 θέρντων·

376 1300 578 1384 nequeenim
601 1298 668 1383 rogi
690 1320 815 1383 corpora
838 1307 1039 1374 consumunt,
1064 1297 1115 1363 scd
1139 1299 1219 1382 iguis
1243 1319 1332 1382 rogos
1352 1307 1383 1362 et

375 1439 502 1502 corpora
535 1418 697 1482 consumit.
732 1416 845 1482 Tamen
869 1417 1049 1482 scholiastae
1080 1417 1188 1481 veteris
1219 1417 1380 1503 explicatio

376 1558 437 1600 uon
460 1535 592 1600 absurda
613 1545 677 1613 cst,
701 1544 738 1599 ut
760 1536 797 1600 sd
821 1559 853 1599 vs
878 1539 920 1600 26
945 1535 1168 1600 annotabimus.
1184 1536 1206 1618 ¹)

421 1657 473 1718 25.
512 1657 541 1720 ἕν
574 1657 701 1732 Θήβαις.
740 1654 838 1741 Prope
872 1654 1009 1732 Thebas,
1052 1657 1083 1720 iu
1119 1676 1190 1739 agro
1224 1652 1379 1722 Thebano.

376 1773 521 1838 Similiter
550 1773 626 1838 dicit
655 1773 846 1852 Herodotus,
874 1773 982 1838 Porsss
1006 1799 1023 1840 a
1047 1774 1170 1840 Graccis
1194 1775 1289 1838 victos
1317 1795 1381 1838 esse

375 1893 404 1958 ἐν
426 1899 597 1972 Emptas:
621 1890 686 1956 VII
711 1894 785 1957 166.

419 2013 471 2075 26.
506 2011 605 2077 ποθέω.
641 2009 740 2074 Triste
762 2010 945 2076 desiderium
969 2018 1072 2076 notat:
1097 2011 1184 2076 uffcrt
1199 2011 1380 2075 Karstenius

374 2129 529 2195 Collinum
552 2130 738 2216 Ephesium,
765 2133 822 2208 16,
847 2132 945 2196 virum
969 2131 1125 2196 imbellem
1147 2141 1302 2196 mortuum
1319 2151 1381 2194 non

374 2269 439 2312 esse
461 2248 601 2327 ποθεινὸν,
624 2247 677 2313 aad
978 2327 980 2332 Ι

463 2368 527 2446 λαιῷ
550 2367 610 2446 γὰρ
632 2368 784 2443 σύμπωνπν
805 2368 888 2442 πόθος
911 2371 1128 2450 κρωτερθφρονες
1149 2367 1246 2448 ἀνδρὸς

549 2486 724 2560 θνήσκωντως.

374 2600 462 2666 Oonf.
486 2601 626 2688 Xenoph.
651 2604 750 2669 huab.
773 2603 810 2668 L.
835 2604 944 2669 1110.
969 2604 986 2668 I
1010 2608 1049 2669 3:
1074 2609 1104 2670 οὐ
1120 2603 1381 2682 θωνθμενωκωθεθ-

373 2720 428 2786 driu
452 2722 507 2786 ὑπὸ
528 2724 624 2798 λύπης
647 2723 696 2789 aa>
716 2723 800 2788 πόθον
823 2725 967 2806 πωτρῶων
985 2723 1087 2803 γονέων
1102 2730 1244 2801 γυναικῶν
1260 2722 1379 2787 uallem

372 2839 474 2905 Etiam
505 2841 615 2905 Aesch.
645 2842 728 2906 Pcrs.
755 2844 837 2920 512,
863 2846 937 2907 542.
985 2841 1103 2922 Quodsi
1127 2851 1229 2907 autem
1253 2841 1380 2906 fortasse

372 2959 559 3025 τελεσθέντων
582 2970 664 3026 recte
687 2985 705 3024 a
727 2961 889 3027 scholiasta
913 2977 1013 3026 vetere
1032 2960 1214 3047 explicatum
1232 2971 1291 3025 est:
1308 2984 1377 3026 uam

372 3085 482 3156 τελεῖν,
506 3079 662 3164 perlicere,
687 3082 730 3144 ita
752 3102 789 3144 co
812 3081 879 3144 loco
903 3081 1087 3165 significaret
1102 3103 1222 3165 parare,
1240 3080 1379 3144 ordinare

374 3208 404 3260 et
426 3197 493 3260 loco
515 3219 572 3262 suo
595 3200 796 3264 constit-uere:
821 3198 853 3263 id
877 3201 902 3263 si
926 3200 969 3263 ita
989 3208 1051 3277 cst,
1069 3200 1253 3284 significaret
1270 3199 1379 3264 Adras-

373 3324 423 3380 tus
458 3316 634 3402 hujusmodi
665 3319 842 3403 Amphiarai
873 3317 1073 3396 desiderium,
1105 3327 1141 3384 ut
1171 3341 1227 3383 nec
1257 3327 1379 3384 mortuo

374 3435 493 3500 debitos
523 3435 654 3501 honores
684 3437 853 3522 persolvere
884 3447 997 3523 posset.
1044 3437 1150 3502 Sumta
1180 3446 1282 3503 autem
1306 3438 1379 3502 haec

374 3577 438 3619 esse
461 3554 540 3619 dixit
563 3555 759 3640 Asclepiades
782 3579 798 3620 e
821 3555 976 3622 Thebaide
999 3555 1129 3642 Cyolica.

418 3676 471 3738 25.
506 3675 668 3755 ὀφθαλμὸν.
702 3674 799 3760 Cyrus
829 3699 905 3760 puer
936 3675 1018 3762 apud
1048 3675 1238 3740 Herodotum
1269 3674 1286 3738 I
1316 3677 1377 3739 114

374 3793 476 3876 pueris
499 3815 626 3858 munera
648 3793 850 3872 distribuens,
877 3802 984 3880 utpote
1007 3817 1076 3872 rex,
1100 3816 1196 3858 unum
1215 3793 1307 3880 jussit
1326 3795 1378 3874 θΦ-

374 3910 485 3987 θωλμθν
507 3910 644 3988 βασιλέως
668 3909 750 3977 εἶναι.
782 3911 869 3978 Idem
893 3912 1072 3978 vocabulum
1097 3910 1205 3976 ol.11
1232 3913 1270 3975 18
1295 3911 1379 3996 poni·

407 4156 432 4218 1)
448 4156 477 4206 Io
501 4157 568 4206 Neue
591 4157 675 4207 Jahrb.
693 4160 709 4207 f.
727 4159 816 4209 Philol.
834 4159 883 4208 uod
900 4157 1063 4223 Pucdagogih,
1081 4158 1148 4208 Baud
1167 4156 1197 4209 78
1215 4161 1239 4206 ct
1256 4155 1301 4215 74,
1320 4155 1379 4204 Helt

375 4251 419 4311 12,
442 4268 465 4317 p.
488 4251 634 4313 tac-tat,
660 4255 755 4319 scripsit
778 4253 889 4305 wilhalm
907 4255 1098 4320 Fortwaeuglsr:
1115 4269 1157 4304 zur
1173 4251 1254 4302 Kritik
1271 4251 1319 4300 uud
1337 4251 1379 4300 Er·

373 4346 474 4412 kluung
491 4348 532 4397 des
551 4349 679 4400 Pindaros:
704 4366 749 4415 pro
766 4354 913 4403 τελεσθέντων
927 4349 1054 4415 lugendum
1072 4354 1141 4415 putat
1158 4351 1322 4401 πελασθθπωνι
1340 4362 1379 4411 go·

374 4441 442 4492 sitivi
466 4460 521 4493 cum
546 4445 618 4495 verbo
642 4449 748 4511 πιὶάςειν
770 4446 843 4512 positi
866 4448 935 4496 affert
956 4446 1062 4511 exempla
1085 4445 1157 4510 Soph.
1175 4435 1239 4494 Phil.
1257 4441 1334 4502 1827,
1352 4447 1376 4492 at

373 4537 411 4600 Δι’.
430 4536 485 4589 709.
