3725 5542
1003 745 1067 807 alo

533 968 564 1009 se
598 944 702 1009 divino
736 946 845 1031 spiritu
881 946 979 1010 inflari
1014 957 1045 1010 et
1077 967 1256 1030 comparans
1286 969 1317 1009 se
1340 945 1440 1030 ipsum
1463 970 1534 1012 cnm

531 1062 616 1127 lovis
639 1064 759 1149 aquila,
784 1087 844 1129 uon
868 1065 973 1130 decere
988 1090 1020 1129 se
1035 1066 1123 1151 qnasi
1137 1086 1296 1129 corvorum
1312 1066 1533 1149 garrulitatem.

581 1185 651 1247 156.
686 1185 833 1259 μαθόντες.
868 1183 996 1269 Saepius
1026 1192 1152 1248 naturae
1183 1194 1214 1248 et
1244 1184 1359 1269 ingenii
1382 1196 1535 1269 praestan-

532 1303 605 1365 tiam
629 1324 722 1389 supra
744 1301 890 1367 adscitam
914 1302 1086 1367 doctrinam
1108 1302 1261 1367 Pindarus
1276 1302 1427 1367 celebrat:
1451 1303 1537 1368 velut

532 1418 621 1485 Nem.
652 1420 703 1485 ΠΙ
735 1423 787 1487 69.
816 1420 862 1485 01.
895 1442 973 1505 quae
996 1422 1174 1505 scripsimus
1196 1422 1228 1486 in
1253 1422 1474 1487 Dissertatione
1496 1423 1535 1487 de

532 1538 657 1604 Pindari
679 1537 851 1625 Sapientia,
876 1538 912 1603 C.
937 1538 988 1603 ΠΙ
1010 1540 1028 1624 d
1054 1541 1068 1602 l
1094 1562 1163 1625 pag.
1190 1542 1242 1604 ts.

578 1659 650 1721 158.
685 1658 836 1738 waleros.
872 1656 1003 1721 Dualem
1026 1680 1186 1722 numerum
1208 1660 1345 1744 positum
1360 1680 1424 1722 esse
1438 1658 1536 1724 credit

532 1777 694 1841 scholiasta
718 1786 819 1856 vetus,
845 1786 879 1841 ut
898 1776 1073 1842 indicentur
1089 1777 1287 1862 Bacchylides
1303 1787 1334 1842 et
1349 1776 1536 1857 Simonides,

532 1897 620 1981 quasi
643 1896 766 1961 Pindari
790 1897 1016 1962 obtrectatores.
1063 1894 1183 1977 Quodsi
1206 1906 1308 1961 annm
1332 1898 1363 1961 in
1386 1896 1537 1961 Theronis

532 2023 562 2080 et
585 2014 729 2081 Hieronis
751 2016 849 2101 gratia
872 2014 1096 2080 reconcilianda
1117 2037 1209 2101 opera
1232 2015 1291 2079 fnit
1306 2014 1485 2093 Simonidis,
1502 2023 1537 2080 nt

531 2158 549 2197 a
579 2134 743 2200 scholiasta
769 2136 995 2201 commemorari
1017 2136 1191 2199 monuimus
1214 2156 1283 2220 pag.
1308 2136 1387 2199 292:
1410 2135 1536 2200 minime

531 2278 602 2319 sane
633 2254 778 2319 credibile
808 2264 872 2333 est,
902 2254 1089 2333 Pindarum,
1113 2262 1144 2319 et
1165 2254 1311 2319 Hieronis
1334 2263 1364 2319 et
1386 2254 1535 2320 Theronis

532 2372 736 2451 laudatorem,
769 2374 801 2437 iu
832 2373 890 2437 hoc
921 2374 1053 2439 carmine
1083 2373 1242 2439 ostendere
1269 2374 1418 2451 voluisse,
1442 2397 1534 2460 quam

533 2491 724 2557 vehementer
746 2492 935 2558 Simonidem
957 2500 1171 2558 contemneret.
1205 2492 1320 2559 Verum
1343 2515 1443 2577 neque
1465 2492 1535 2557 illos

531 2632 630 2695 neque
653 2612 777 2675 omnino
799 2620 897 2675 certos
920 2611 1069 2695 quosdam
1092 2612 1227 2675 aemulos
1246 2619 1301 2676 ant
1316 2610 1534 2676 obtrectatores

531 2729 700 2815 significare
731 2730 838 2795 voluit.
886 2728 958 2794 Non
985 2752 1072 2795 snam
1101 2729 1224 2815 quidem
1255 2731 1371 2815 ingenii
1394 2731 1442 2795 sni
1465 2752 1535 2794 con·

531 2848 687 2913 scientiam
711 2849 836 2913 occulit:
862 2871 965 2912 verum
989 2848 1132 2933 proponit
1152 2848 1348 2926 sententiam,
1372 2871 1451 2933 quae
1472 2872 1534 2913 non

531 2965 569 3030 ed
599 2967 681 3031 hunc
705 2966 862 3032 velillum
885 2966 1140 3031 contemnendum
1164 2976 1196 3031 et
1217 2967 1305 3051 quasi
1329 2966 1427 3051 digito
1449 2989 1535 3031 mou·

532 3086 708 3163 strandum,
736 3084 789 3149 sed
811 3085 901 3169 longe
924 3085 1028 3171 potius
1051 3084 1090 3149 ad
1113 3108 1200 3149 verae
1223 3086 1389 3171 sapientiae
1411 3085 1532 3150 landem

531 3214 562 3269 ct
585 3204 765 3289 praestantis
789 3205 903 3289 ingenii
927 3204 988 3267 vim
1011 3202 1222 3267 declarandam
1246 3207 1413 3289 pertineat,
1443 3226 1534 3289 quam

531 3322 650 3406 asseqm
673 3344 734 3388 non
759 3322 854 3407 possit
870 3321 1017 3406 insipiens
1031 3330 1063 3386 et
1078 3321 1241 3386 immodica
1254 3321 1429 3406 garrulitas.
1454 3322 1535 3385 Dua·

532 3443 569 3506 lis
600 3465 744 3507 numerus
775 3464 829 3527 pro
861 3440 973 3526 plurali
1003 3450 1058 3505 est.
1104 3441 1271 3525 Gregorius
1294 3439 1473 3505 Corinthius
1495 3440 1534 3505 de

530 3561 603 3625 dial.
627 3561 700 3624 Dor.
725 3565 741 3645 p
764 3562 824 3637 30,
850 3559 932 3623 hunc
956 3560 1055 3644 ipsum
1079 3559 1180 3623 locum
1205 3560 1375 3644 proferens:
1398 3562 1440 3625 rat
1462 3575 1535 3635 xan-

530 3681 645 3745 θνντικὰ
669 3678 811 3749 πολλάκις
834 3678 987 3759 ὁμοφώνως
1010 3686 1068 3749 τοῖς
1091 3678 1193 3747 tason
1215 3679 1408 3762 npope'pcvcn.
1446 3678 1534 3742 Oete

530 3820 598 3863 rum
621 3798 757 3864 mirabile
780 3806 843 3876 est,
875 3798 908 3860 in
930 3798 998 3882 ipso
1020 3818 1180 3860 corvorum
1203 3804 1235 3860 et
1256 3797 1449 3881 graculorum
1473 3795 1534 3859 cla·

530 3940 612 3983 more
636 3917 832 4002 significando
855 3917 948 3980 etiam
971 3915 1092 3980 dualem
1118 3916 1192 4001 poni
1215 3914 1296 4000 apud
1320 3917 1451 3979 Aratum
1465 3917 1530 3978 968

928 4058 1047 4115 κνρνικες
1068 4072 1114 4083 -

663 4156 680 4230 ἥ
704 4178 773 4219 ποτε
796 4157 844 4219 καὶ
867 4154 1013 4235 uetiam
1033 4153 1137 4235 βαρείῃ
1157 4152 1270 4219 tostus
1293 4162 1394 4235 φωνῇ·

530 4276 670 4369 «3111023

832 4393 881 4456 nal
905 4392 959 4471 ὀψὲ
979 4392 1090 4469 {dodim
1114 4394 1222 4458 κολοιοί.

578 4514 650 4577 159.
686 4512 762 4590 πρός.
796 4510 893 4575 Nulla
922 4513 954 4576 in
985 4510 1077 4575 verbo
1107 4512 1224 4589 γαρύειν
1250 4510 1445 4595 obstrependi
1475 4531 1530 4573 nec
