3725 5542
836 712 899 775 307

633 912 702 979 ἵστω
725 914 750 978 δ’
772 911 849 986 ὅστις
871 917 929 993 οὐχ
952 914 1116 994 ὑποπτέροις

632 1034 774 1113 Φρσντίσιν
796 1034 884 1105 dosis.

368 1148 409 1215 ltt
430 1151 511 1237 apud
535 1150 733 1235 Sophoclem,
759 1152 863 1237 hung.
889 1154 952 1216 209

530 1273 602 1337 ἀλλ’
624 1269 701 1345 ὅστις
724 1272 817 1343 εὔνους
839 1272 909 1353 τῇδε
932 1282 969 1354 τῇ
993 1272 1092 1355 πόλει,
1117 1273 1205 1337 θανὼν

532 1389 582 1455 καὶ
608 1389 661 1471 ζῶν
684 1390 784 1468 ὁμοίως
806 1389 839 1467 ἐξ
861 1392 931 1469 ἐμοῦ
954 1392 1122 1468 τιμήσεται.

368 1506 448 1572 Nam
480 1530 587 1593 parum
617 1531 690 1573 sane
721 1517 752 1574 ct
774 1532 862 1595 saepe
885 1509 964 1573 nihil
987 1509 1048 1573 sere
1070 1507 1217 1575 differunt
1239 1510 1320 1573 inter
1343 1532 1375 1573 se

367 1626 445 1699 ὅστις
469 1636 499 1692 et
522 1625 549 1693 εἴ
569 1652 624 1701 τις.

417 1749 488 1811 104.
523 1746 599 1811 Loci
630 1748 781 1813 sententia
811 1748 872 1813 fere
905 1747 1055 1833 ejusmodi
1077 1770 1142 1813 asae
1165 1748 1375 1824 existimatur,

371 1872 422 1943 nt,
446 1865 499 1950 qni
522 1864 637 1930 divitiis
660 1875 690 1930 et
713 1865 809 1951 gloria
831 1866 965 1951 reliquos
988 1874 1128 1951 superet,
1152 1866 1240 1930 facile
1263 1866 1301 1929 ad
1325 1886 1375 1930 sn·

370 1983 503 2069 perbiam
528 1993 558 2048 et
581 1985 802 2049 contumaciam
826 1985 1022 2071 perducatur:
1047 1984 1157 2050 debere
1179 1992 1281 2049 autem
1305 2008 1374 2049 eum

369 2103 490 2167 retineri
513 2104 697 2189 cogitatione
717 2104 843 2190 judicii,
873 2104 957 2189 quod
980 2105 1012 2169 in
1036 2105 1139 2169 inferis
1162 2105 1300 2170 futurum
1324 2106 1373 2169 sit.

371 2220 442 2287 Non
473 2230 519 2287 est
549 2224 600 2287 ita.
647 2222 816 2287 Poenarum
847 2224 989 2309 quidem,
1015 2246 1092 2309 quae
1115 2224 1210 2289 malos
1232 2234 1373 2301 manent,

371 2342 453 2427 prior
480 2341 724 2405 commemoratio
752 2350 814 2417 est,
839 2364 944 2406 verum
968 2350 999 2406 et
1022 2342 1138 2419 brevis,
1163 2351 1193 2406 et
1216 2343 1302 2427 qnasi
1326 2366 1376 2407 ne·

371 2461 499 2524 cessario
522 2460 690 2545 postulata,
715 2482 811 2544 quum
835 2461 913 2524 vitae
935 2468 1005 2545 post
1028 2470 1155 2525 mortem
1174 2462 1295 2526 futurae
1310 2484 1377 2526 nar·

371 2580 449 2643 ratio
481 2579 671 2643 instituatur.
726 2577 884 2664 Copiosior
921 2578 1020 2643 multo
1054 2587 1085 2643 et
1118 2580 1214 2664 magis
1247 2580 1376 2645 illustris

372 2697 590 2783 praemiorum,
622 2719 700 2783 quae
731 2696 817 2761 honis
845 2697 998 2781 justisque
1021 2702 1094 2761 sunt
1117 2698 1289 2783 proposita,
1312 2698 1377 2762 lan·

370 2816 453 2881 datio
488 2822 542 2880 cst.
588 2814 761 2892 Summam,
797 2836 874 2899 qnae
909 2815 1031 2879 mortali
1061 2816 1237 2901 contingere
1260 2816 1374 2900 possit,

370 2932 544 2997 felicitatem
566 2933 764 3020 prpedicavit,
788 2932 821 2996 in
844 2930 961 2996 divitiis
984 2942 1014 2997 et
1035 2933 1293 3018 praestantissima
1312 2934 1374 3017 glo-

369 3053 414 3117 ria
437 3053 581 3139 positam:
606 3052 644 3116 eb
668 3074 703 3117 eo
727 3052 806 3116 vitae
829 3073 921 3117 cursu
944 3060 1066 3116 evectus
1085 3050 1181 3117 Poeta
1197 3053 1374 3138 ampliorem

369 3180 508 3237 aetcrnae
529 3172 609 3237 vitae
631 3193 754 3235 cursum
777 3170 865 3255 ponit
887 3170 926 3235 ob
950 3169 1073 3248 oculos,
1099 3172 1272 3256 majoraque
1292 3194 1374 3257 prae·

369 3294 447 3370 mia,
480 3314 571 3378 quam
601 3314 653 3369 ea,
678 3313 756 3375 qnae
779 3290 887 3355 victori
911 3289 1071 3377 Olympiae
1094 3291 1280 3356 tribuantur.
1327 3294 1376 3357 Ita

370 3413 413 3490 ei,
446 3412 495 3475 cui
525 3412 557 3476 iu
587 3410 642 3475 hac
666 3411 729 3475 vita
749 3410 886 3475 lucidum
910 3410 996 3475 sidus
1019 3420 1050 3475 et
1072 3410 1215 3497 splendor
1237 3412 1374 3477 sincerus

370 3531 515 3617 contigit,
539 3530 719 3617 proponitur
741 3530 813 3594 solis
837 3536 931 3595 noctu
955 3536 986 3594 et
1009 3528 1144 3595 interdiu
1167 3530 1298 3595 lucentis
1318 3532 1375 3595 ful·

370 3672 439 3736 gor:
463 3658 494 3713 ct
516 3657 585 3735 post
607 3650 694 3713 floras
717 3657 747 3712 et
770 3668 895 3713 coronas
918 3648 1074 3733 quadrigis
1095 3646 1254 3733 Olympiae
1272 3648 1375 3727 datas,

370 3775 491 3855 postca,
522 3768 572 3832 ria
601 3768 639 3831 ad
670 3766 763 3831 Croni
789 3768 897 3831 turrim
921 3775 1059 3852 peracta,
1083 3768 1172 3831 sertis
1195 3778 1226 3831 et
1248 3766 1374 3833 floribus

370 3888 468 3952 aurcis
503 3887 533 3951 in
569 3886 727 3952 beatorum
761 3885 869 3949 insulis
899 3886 1004 3970 justus
1038 3884 1213 3963 ornabitur,
1249 3907 1311 3949 non
1342 3886 1374 3951 in

370 4004 587 4070 Hellanodicao
611 4004 747 4089 quamvis
771 4025 868 4089 aequo
887 4002 1022 4089 jndicio,
1045 4004 1144 4068 sedin
1163 4004 1374 4089 rectojudicio

370 4124 594 4189 Rhadamanthi
617 4122 777 4187 assidentis
801 4122 860 4207 ipsi
883 4144 1026 4207 supremo
1046 4120 1157 4187 Crono.
1191 4121 1311 4203 Quodsi
1334 4122 1377 4187 di·

370 4245 460 4309 vitiae
483 4251 607 4309 curiatae
630 4242 772 4307 laudibus
796 4264 863 4307 acre
887 4250 918 4307 et
941 4241 1128 4327 profundum
1151 4242 1375 4327 praeclarorum

370 4365 537 4429 facinorum
568 4362 705 4427 studium
736 4361 895 4447 injiciunt,
927 4370 963 4425 ut
990 4383 1023 4424 ss
1047 4363 1088 4424 99
1113 4382 1287 4446 expressum
1311 4368 1374 4439 est,

372 4486 445 4549 haec
479 4490 575 4559 certe,
614 4503 692 4566 quae
730 4480 872 4566 deinceps
908 4485 1110 4555 memoratur,
1149 4479 1271 4544 futurae
1305 4486 1376 4565 post

1198 4603 1252 4658 20·
