3725 5542
831 726 894 787 275

360 924 524 988 minentem
555 935 817 1003 memoraverunt,
850 934 885 989 ut
917 934 1047 991 testetur
1079 927 1158 991 idem
1191 929 1373 995 Scholimta.

358 1040 397 1103 llt
420 1040 601 1125 Euripides,
627 1040 727 1107 Orest.
754 1048 774 1105 4

491 1159 586 1239 ὁγὰρ
609 1161 768 1241 ριαιιοίριος,
792 1164 860 1227 κούκ
884 1162 1005 1242 ὀνειδίζω
1028 1164 1146 1243 τύχας,

491 1276 559 1349 Διὸς
582 1280 736 1362 τεφνιιὲος,
759 1282 796 1352 ὡς
818 1280 956 1357 λέγουσι,
980 1280 1156 1357 Τοίνταλος,

490 1401 615 1476 κορυφῆς
639 1397 854 1475 ὑπερτέλλοντα
877 1398 1029 1474 δειμαίνων
1052 1397 1155 1477 τέτρον

489 1512 550 1593 οὶίρι
573 1518 703 1579 τοτοῖται
725 1515 775 1579 καί
799 1513 867 1580 τίνει
894 1518 1007 1591 ταύτην
1029 1516 1125 1591 δίκην,

491 1634 527 1703 ὡς
550 1633 604 1709 μὲν
626 1634 779 1711 λέγουσιν,
806 1632 849 1700 ὅτι
872 1637 943 1707 ίεοῒς
966 1633 1110 1713 ἄνθρωπος
1133 1634 1170 1698 ὢν

490 1758 582 1825 κοινῆς
604 1751 749 1833 τραπέζης
772 1750 878 1829 ἀξίωμ’
901 1752 980 1833 ἔχων
1001 1751 1062 1817 ίτον

489 1866 652 1933 ἀκόλαστον
675 1868 749 1950 ἔσχε
772 1875 930 1953 γλῶσσαν,
955 1871 1116 1950 αἰσχίστην
1138 1870 1224 1935 νίσον.

401 1983 442 2047 Et
473 1984 561 2048 Plato
592 1985 706 2071 Crutyl.
739 1990 803 2051 395
829 1988 857 2051 D
880 1990 1091 2064 τελεντήσαντι
1114 1989 1143 2052 ἕν
1166 1986 1236 2069 ᾆδον
1259 1991 1276 2063 ἦ
1301 1988 1370 2067 ὑπὲρ

355 2109 408 2175 τῆς
431 2110 566 2182 κεφαλῆς
590 2111 640 2171 τοῦ
664 2106 740 2169 λίίον
763 2107 939 2171 τανταλεία.

402 2223 454 2283 94.
493 2223 670 2301 εὐφροσύνας
701 2225 826 2288 οίλῖιται.
867 2222 955 2303 Quae
979 2224 1154 2308 posthunc
1178 2222 1304 2287 verbum
1328 2245 1375 2286 se-

357 2348 513 2419 quuntur,
533 2361 569 2402 ee
585 2362 657 2403 sene
674 2340 836 2405 infortunii
853 2363 1000 2425 magnum
1016 2341 1152 2405 dolorem
1171 2341 1244 2403 satis
1261 2340 1372 2403 acriter

357 2456 548 2539 exprimunt:
573 2458 647 2521 hoec
671 2481 742 2523 vero
767 2459 857 2523 verba
876 2460 945 2544 ipss
964 2458 1061 2522 videri
1079 2459 1198 2543 possint
1217 2480 1278 2521 non
1299 2458 1374 2521 sotis

356 2574 434 2637 tanti
458 2574 572 2639 doloris
596 2576 812 2660 significationi
836 2578 1008 2641 convenire.
1055 2576 1120 2656 Qui
1141 2582 1245 2639 temen
1268 2596 1374 2639 mose

357 2690 543 2755 Graecorum
574 2715 712 2758 sermone
742 2715 805 2758 non
828 2694 989 2759 obhorret:
1014 2694 1046 2758 of
1066 2693 1178 2757 Aeseh.
1206 2692 1300 2757 Ohoe.
1326 2696 1368 2756 30

356 2809 535 2885 ἀγελάστοις
558 2808 739 2893 ξυμφοραῖς,
764 2819 794 2877 et
817 2814 882 2875 448
902 2811 1071 2892 ἑτοιμότερα
1089 2812 1228 2889 γέλοτος.
1260 2810 1369 2895 Eurip.

355 2925 425 2992 Tro.
452 2930 514 2991 635

535 3047 548 3111 ί
572 3046 596 3110 δ’
618 3048 788 3127 εὐτυχήσας
811 3050 841 3118 ἐς
865 3046 898 3113 τὸ
921 3048 1067 3129 δυστυχὲς
1091 3048 1185 3113 τετῶν

535 3166 639 3246 ψυχὴν
660 3165 776 3229 οίλοῖται
799 3174 851 3241 τῆς
876 3166 985 3243 τοίροιί’
1009 3164 1179 3247 εὐπραξίας.

403 3284 456 3345 95.
490 3280 665 3358 νίποίλαροον.
701 3282 749 3346 Of.
773 3281 823 3346 Ol.
848 3282 892 3347 II.
920 3285 994 3347 105.

404 3402 455 3465 97.
495 3401 576 3476 μετὰ
605 3406 686 3480 τριῶν
708 3400 846 3481 τέταρτον
869 3400 963 3465 πίνον.
1011 3399 1114 3464 Multa
1136 3399 1175 3463 de
1199 3398 1246 3462 his
1270 3400 1370 3465 verbis

357 3518 389 3581 in
421 3518 545 3582 scholiis
576 3518 745 3603 disputatio
777 3526 840 3596 est,
876 3540 970 3603 quam
993 3518 1116 3604 quidem
1141 3518 1284 3603 persequi
1306 3539 1369 3582 non

358 3636 407 3700 hie
438 3636 559 3700 videtur
582 3637 794 3701 necessarium.
841 3636 957 3701 Verum
985 3636 1164 3701 Fredericus
1188 3635 1367 3699 Heimsoeth

357 3754 388 3817 in
420 3755 570 3839 opuseulo
601 3755 765 3839 diligenter
799 3778 833 3819 ao
869 3754 960 3818 docte
991 3756 1123 3839 scripto:
1157 3752 1309 3819 Adtende
1339 3759 1370 3817 et

357 3872 536 3957 corrigenda
566 3872 598 3935 in
629 3871 853 3937 commentariis
883 3870 1028 3935 Pindari:
1065 3895 1094 3957 p.
1130 3874 1168 3949 8,
1204 3870 1370 3935 osteudens

356 3988 437 4053 πίνον
460 4010 525 4053 esse
548 3990 770 4074 appositionem
795 3988 877 4053 vocis
899 3989 982 4067 βίον,
1007 3990 1040 4053 in
1063 3995 1144 4068 τριῶν
1164 3990 1279 4074 pariter
1295 3990 1371 4051 vite·

355 4129 424 4171 rum
454 4108 706 4192 significationem
738 4130 803 4173 esse
834 4106 1005 4171 existimet:
1038 4130 1195 4192 quumque
1218 4107 1370 4172 Pindarus

355 4224 405 4290 Ol.
437 4225 471 4289 Il
504 4228 565 4290 123
598 4226 749 4311 triplicem
773 4225 867 4289 vitem
891 4232 1124 4303 commemoret,
1155 4233 1265 4309 quarto
1289 4226 1370 4289 vitoe

354 4343 457 4410 labore
488 4352 637 4408 extremos
668 4364 829 4407 aerumnas
860 4341 991 4407 Tantulo
1023 4343 1154 4408 inflictus
1185 4343 1368 4427 significari:

351 4462 413 4545 jam
446 4462 528 4525 huno
560 4484 623 4525 esso
654 4461 745 4553 finem
777 4458 872 4524 totius
896 4460 977 4524 vitoe
1002 4459 1204 4544 laborumque
1226 4459 1367 4524 Tantulo.
1401 4528 1409 4541 ,

1190 4592 1248 4653 18·
