3725 5542
972 711 1014 772 86

486 912 568 994 apud
592 910 776 989 Pindarum,
801 913 832 974 in
857 912 961 996 primis
984 913 1207 978 inconstantiae
1231 938 1333 979 rerum
1349 917 1495 980 bumana·

486 1051 554 1093 rum
585 1029 837 1107 existimatorem,
864 1030 950 1094 Jovis
972 1032 1124 1095 incusatio
1146 1044 1208 1111 est,
1232 1033 1319 1098 nulla
1340 1034 1494 1120 depressio

485 1147 596 1225 animi,
620 1148 672 1211 sed
696 1150 838 1214 excitatio
861 1150 985 1214 virtutis
1000 1173 1119 1236 semper
1133 1153 1328 1239 optimaeque
1344 1175 1495 1220 commen·

487 1266 571 1330 datio
594 1265 704 1331 laudis.
741 1271 843 1353 Atque
858 1269 916 1333 boc
932 1269 1091 1354 profiteor,
1109 1292 1172 1334 uuo
1187 1280 1309 1336 tantum
1324 1273 1392 1336 loeo
1408 1297 1494 1352 enm,

486 1387 624 1471 quamvis
647 1385 852 1450 consolantem
876 1401 906 1451 et
922 1389 1122 1466 excitantem,
1139 1389 1333 1475 aliquantum
1349 1391 1492 1458 accedere

487 1505 525 1569 ad
555 1504 705 1589 ejusmodi
735 1505 908 1583 tristitiam,
936 1529 1015 1591 quae
1038 1507 1176 1572 videatur
1198 1508 1413 1595 Theognidea,
1439 1512 1494 1576 ubi

487 1632 718 1702 commemorat,
751 1624 813 1688 duo
842 1625 922 1688 mala
945 1627 1034 1709 juata
1055 1649 1151 1691 unum
1175 1627 1288 1693 bonum
1313 1631 1495 1695 mortalibus

487 1743 619 1808 tribuere
651 1743 747 1807 Deos:
773 1743 825 1807 sed
849 1743 923 1808 baec
947 1745 1014 1828 ipsa
1036 1747 1188 1810 sententia
1211 1747 1389 1812 videmusne
1413 1748 1496 1813 unde

488 1861 550 1926 sit?
588 1861 710 1925 Scilicet
734 1883 794 1925 non
818 1883 885 1926 eam
906 1863 973 1947 ipse
997 1863 1129 1948 profert,
1149 1867 1262 1952 repetit
1277 1889 1342 1937 eam
1358 1867 1496 1945 aliunde,

489 2003 583 2067 quum
606 1979 704 2044 dicat:

779 2095 928 2174 μανθάνων
954 2095 1036 2164 cleda
1057 2100 1203 2180 προτέρων·

488 2220 594 2283 nociati
622 2219 755 2282 diemde
781 2241 800 2279 o
816 2217 985 2299 prioritas:
1009 2240 1082 2302 ergo
1105 2218 1178 2283 baec
1202 2220 1267 2305 ipsa
1290 2223 1410 2286 tristior
1433 2247 1498 2288 sen·

487 2339 601 2415 tentia,
626 2335 744 2412 debita,
768 2335 827 2399 nisi
851 2334 958 2413 fallor,
982 2338 1148 2421 sapientiae
1171 2340 1199 2403 ei
1222 2342 1396 2424 gnomieae,
1418 2364 1496 2426 qnae

489 2457 568 2522 vitae
597 2479 644 2520 res
675 2463 705 2520 et
732 2453 925 2519 incommoda
947 2455 1223 2541 complectebatur,
1248 2480 1267 2520 a
1288 2457 1424 2524 Pindaro
1447 2459 1499 2524 ad·

489 2576 587 2641 bibita
609 2581 654 2639 est
676 2572 714 2637 ad
737 2573 872 2638 meliora.
889 2573 912 2656 ¹)

533 2693 735 2759 Procedamus
767 2714 820 2771 eo,
852 2698 888 2756 nt
918 2691 1010 2756 ctiam
1041 2691 1233 2758 Herodotum
1264 2717 1335 2760 cum
1367 2696 1498 2761 Pindaro

487 2835 705 2898 comparemus.
751 2809 813 2892 Qui
847 2819 964 2894 quanto
993 2810 1085 2875 fuerit
1114 2811 1282 2897 indagandi
1314 2814 1437 2893 studio,
1468 2826 1499 2878 et

488 2933 554 3022 ejus
583 2941 698 3016 quanta
728 2931 769 2993 sit
798 2930 1017 2995 sententiarum
1046 2931 1232 3015 optimarum
1259 2931 1401 3010 ubertas,
1425 2933 1500 2996 alias

489 3050 701 3135 exposuimus:
726 3070 808 3114 nunc
831 3070 918 3125 vero,
944 3055 980 3113 ut
1002 3050 1044 3113 sit
1065 3057 1097 3112 et
1119 3049 1298 3135 simplicitas
1319 3050 1498 3136 disputandi

489 3178 521 3233 et
542 3169 688 3246 brevitas,
712 3175 897 3254 repetamus,
918 3167 994 3252 qnid
1013 3167 1052 3232 de
1067 3166 1203 3233 Deorum
1217 3169 1333 3234 invidia
1348 3171 1500 3236 existima-

490 3289 579 3366 verit,
603 3295 726 3352 etcum
749 3285 881 3352 Pindaro
904 3287 1104 3351 conferamus.
1141 3285 1258 3373 Nempe
1281 3288 1364 3374 apud
1380 3298 1497 3374 patrem

488 3407 631 3472 historiae
654 3415 700 3470 cst
722 3407 755 3472 τὸ
777 3409 847 3472 θεῖον
869 3410 931 3469 πᾶν
953 3407 1084 3486 Φθσνερόν
1106 3430 1140 3470 τε
1159 3406 1210 3470 καὶ
1225 3408 1409 3488 τκραχὶνῖες·
1424 3408 1499 3473 divi-

491 3551 558 3592 sum
587 3549 690 3590 numer
721 3548 802 3589 omae
830 3525 959 3589 iaoidm
986 3549 1021 3589 ac
1042 3524 1242 3609 turbidaml)
1265 3533 1297 3589 et
1319 3525 1409 3590 alibi:
1433 3530 1447 3592 ὃ
1469 3527 1500 3591 δὲ

489 3648 566 3729 θεὸς,
589 3647 702 3723 γλυκὺν
723 3643 835 3724 γεύσας
857 3644 905 3709 τὸν
924 3645 1029 3728 αἰῶνα,
1048 3645 1179 3724 Φθσνερὸς
1198 3645 1324 3725 bairgi
1338 3646 1500 3724 εὑρίσκεται

490 3765 550 3829 ἐών
573 3767 659 3842 deas,
684 3764 871 3851 qumaobia
895 3762 1499 3845 mmmmm,

491 3885 606 3947 invida-r
638 3885 670 3946 iu
703 3905 738 3947 ca
771 3882 923 3965 reperitur.
941 3879 966 3964 8)
1014 3879 1094 3944 Nam
1129 3880 1326 3946 historiarum
1359 3883 1499 3946 omnium

492 4003 607 4066 ratione
643 4011 799 4087 perspecta
833 3999 1010 4064 Herodotus
1043 3999 1083 4063 ad
1114 3999 1355 4085 perspiciendam
1392 4002 1502 4064 acriter

492 4144 593 4186 rerum
623 4121 827 4185 humanarum
857 4119 1091 4184 inconstantiam
1122 4119 1274 4184 adductus
1302 4127 1365 4184 est:
1390 4141 1502 4205 easque

491 4240 673 4316 sententias,
705 4260 834 4322 quarum
864 4237 990 4301 alteram
1021 4237 1103 4323 apud
1134 4260 1204 4302 eum
1235 4236 1348 4315 Solon,
1376 4237 1500 4302 alteram

526 4515 550 4578 l)
568 4515 607 4584 Py.
626 4515 675 4565 ΙΙΙ.
694 4515 749 4566 143.
766 4513 837 4565 Conl.
851 4531 920 4580 pepp.
936 4515 981 4572 ab,
999 4512 1040 4565 b'l.
1092 4513 1119 4574 2)
1136 4514 1163 4563 L.
1180 4513 1202 4561 1.
1218 4512 1260 4562 82.
1309 4512 1335 4574 8)
1351 4512 1379 4561 b.
1392 4511 1502 4561 mlta.
