3725 5542
821 728 882 791 787

342 928 514 1005 Οὐλύμποιο
542 927 660 1004 ἥμενος,
690 934 721 991 ct
744 928 851 1013 Elurip.
876 927 985 1012 Suppl.
1012 931 1029 992 7
1034 930 1074 991 57
1102 928 1170 1008 πρὸς
1193 930 1358 1011 Κιθαιρῶνος

340 1056 485 1128 πτυχαῖς.
533 1046 619 1123 ΠτυἙ
653 1055 754 1111 autam
791 1048 828 1111 de
865 1054 947 1111 veste
983 1046 1113 1123 dicitur,
1151 1047 1234 1110 velut
1265 1048 1357 1111 Hom.

341 1164 466 1249 Hymm.
502 1165 534 1227 in
570 1163 709 1227 Cererem
745 1166 806 1229 176
838 1166 926 1229 ἑανῶν
957 1165 1081 1244 πτύχας
1111 1163 1297 1241 ἱμεροέντων,
1328 1172 1359 1227 et

340 1282 448 1366 Burip.
481 1282 589 1367 S‘uppl.
618 1285 681 1347 979
707 1284 827 1346 πέπλων
851 1283 919 1358 πρὸς
943 1282 1048 1360 στέρνῳ
1070 1280 1189 1360 πτύχα.
1236 1280 1357 1360 Quodsi

340 1400 373 1463 in
404 1400 457 1463 illa
488 1400 583 1464 altere
614 1400 837 1483 significatione
863 1398 937 1463 haec
961 1399 1024 1462 dno
1047 1398 1197 1463 vocabula
1220 1400 1358 1463 interae

340 1525 573 1603 permutantur,
606 1518 686 1581 idem
717 1518 782 1581 fieri
811 1516 900 1581 facile
929 1517 1053 1581 videtur
1074 1518 1107 1580 in
1131 1517 1357 1601 significatione

340 1639 441 1701 restis.
478 1636 592 1700 Similis
614 1636 846 1719 significationis
868 1636 998 1699 variatas
1019 1636 1113 1699 estin
1129 1636 1242 1699 Latino
1258 1637 1355 1700 sinus.

340 1758 445 1838 Atque
468 1755 526 1817 hoc
553 1754 619 1817 loco
644 1755 731 1839 quasi
756 1754 793 1817 de
815 1753 951 1818 vestibus
971 1754 1067 1817 Poeta
1090 1754 1191 1818 dicere
1215 1754 1355 1832 videtur,

338 1895 409 1936 cum
434 1872 546 1956 quibus
570 1879 725 1957 comparat
749 1872 899 1949 carmina,
925 1872 1039 1957 quibus
1063 1879 1153 1936 ornat
1169 1872 1354 1950 Hieronem,

338 1989 597 2075 quemadmodum
633 2012 666 2053 vs
703 1992 764 2053 162
801 2013 836 2055 ea
870 2013 940 2053 cum
976 2011 1088 2054 corona
1118 2000 1356 2075 comparaverat.

339 2110 457 2191 Aptum
478 2109 571 2171 etiam
594 2107 668 2171 huic
686 2108 903 2192 significationi
919 2114 967 2171 est
984 2108 1110 2173 verbum
1126 2109 1355 2187 dardanensium.

388 2228 460 2290 171.
500 2226 572 2297 Θεὸς
603 2225 764 2304 ἐπίτροπος.
804 2225 935 2289 Dativus
965 2226 1079 2310 objecti
1111 2227 1144 2290 in
1174 2227 1267 2290 verbo
1300 2228 1358 2305 sarl-

336 2345 424 2421 ὂνμαι
460 2344 526 2407 sine
561 2344 701 2429 exemplo
737 2352 799 2420 est,
838 2350 989 2428 quantum
1024 2345 1107 2407 nori.
1154 2344 1288 2424 Verum,
1322 2354 1357 2409 ut

337 2462 486 2538 arbitror,
519 2469 615 2526 τεαῖσι
645 2462 828 2541 μερίμναισιν
857 2462 1059 2547 conjunctum
1082 2471 1129 2525 est
1152 2485 1222 2526 cum
1247 2464 1357 2543 ἐπίτρι-

337 2604 390 2651 orca
422 2580 490 2643 ἕώνι
522 2578 662 2643 similiter
694 2577 784 2643 Nem.
817 2578 869 2641 ΙΙΙ
894 2581 935 2640 62
966 2578 1045 2655 Ἰόλα
1068 2578 1269 2660 παραστάτας
1292 2581 1354 2645 ε’ὠν.

337 2696 377 2759 In
400 2697 524 2771 μήδεται
548 2696 733 2781 intelligitur
756 2698 866 2780 αὐτῶν,
888 2695 1006 2760 scilicet
1021 2703 1173 2776 μεριμνῶν.
1205 2698 1354 2775 Μερίμναι

338 2814 484 2878 Hieronis
516 2814 730 2899 significantur
760 2836 852 2880 curae
882 2815 1103 2878 certaminumz
1135 2813 1283 2879 laudatur
1305 2816 1356 2879 hic

338 2932 398 2995 Dei
421 2932 569 2997 auxilium
595 2932 627 2996 in
651 2932 723 2996 data
746 2940 904 3017 praesente
928 2932 1070 3009 victoria,
1096 2932 1357 3015 quemadmodum

336 3072 427 3127 mor,
451 3051 474 3114 sl
498 3050 527 3113 δὲ
550 3051 592 3127 μὲν
615 3050 700 3129 ταχὺ
723 3050 820 3125 λίποι,
846 3057 974 3134 rogatur
997 3050 1029 3113 in
1053 3048 1155 3113 danda
1179 3050 1294 3114 lutura.

387 3170 459 3233 175.
494 3167 537 3231 ἔτι
570 3167 764 3247 γλυκυτέραν.
814 3166 870 3231 Via
897 3189 1073 3231 sermonum
1096 3167 1160 3231 sive
1184 3168 1354 3231 carminum

337 3296 384 3350 est
416 3285 545 3350 cauendi
576 3287 665 3370 copia
696 3286 743 3349 vel
774 3286 1006 3371 opportunitas,
1039 3308 1118 3369 quac
1143 3287 1231 3369 quasi
1259 3288 1356 3370 aperi·

337 3412 388 3468 tur
428 3403 466 3467 ad
506 3402 751 3487 ingrcdiendnm.
815 3403 865 3466 Sic
904 3404 964 3475 aare
1006 3402 1120 3487 λόγων,
1163 3402 1253 3467 Nem.
1290 3402 1355 3467 VII

339 3524 397 3600 75,
438 3528 485 3585 est
524 3521 613 3605 copia
652 3519 798 3584 laudandi
835 3520 972 3603 Aeginae
1007 3519 1141 3603 prolem:
1180 3518 1271 3583 Nem.
1309 3520 1355 3584 VI

339 3640 378 3703 57
412 3638 553 3719 παρέχειν
584 3640 675 3703 πολὺν
706 3636 810 3714 ἶν’μννν,
846 3636 977 3700 multam
1008 3635 1152 3721 praebere
1183 3638 1354 3703 carminum

338 3757 503 3821 materiem.
551 3754 599 3819 Of.
636 3754 728 3839 hujus
764 3754 908 3818 carminis
943 3776 977 3817 vs
1011 3756 1062 3817 14.
1108 3752 1192 3839 Ergo
1215 3755 1354 3820 invenire

336 3876 416 3939 viam
445 3874 615 3939 carminum
647 3894 717 3937 cnm
748 3895 841 3936 curru
872 3872 964 3937 celeri
996 3878 1042 3935 est
1074 3872 1208 3936 nancisci
1232 3873 1353 3957 copiam

338 3992 467 4057 canendi
498 3992 664 4056 Hieronem
696 3991 842 4055 victorem
874 3990 976 4055 curuli
1004 3989 1187 4053 certamine:
1217 3991 1355 4076 appellat

337 4134 401 4175 eam
428 4111 505 4174 viam
528 4110 672 4188 ἐπίκουρον
678 4158 687 4187 ,
713 4108 786 4193 quia
809 4108 982 4172 delectatur
1006 4107 1172 4172 Hieronem
1198 4108 1351 4187 canendo,

337 4237 372 4293 ut
406 4237 493 4313 optet
522 4228 582 4293 sibi
611 4228 690 4292 illud
722 4234 902 4292 eventurum
936 4250 1001 4290 csse
1032 4226 1125 4310 hujus
1148 4227 1244 4291 studii
1268 4227 1353 4312 adju-

339 4356 491 4412 mentum:
522 4346 655 4431 appellat
683 4346 810 4410 eandem
834 4346 875 4410 lm
898 4346 1097 4426 γλυκυτέραν,
1123 4345 1197 4429 quia
1219 4353 1353 4430 praestat

339 4466 454 4530 curulis
478 4466 612 4549 equestri
635 4465 789 4529 victoriae.
