3725 5542
985 729 1051 790 45ss

510 927 614 990 uionm
627 926 834 1010 significatur,
844 927 908 1010 jam
920 926 1063 1011 deinceps
1083 927 1122 991 de
1137 928 1290 992 sententia
1304 929 1524 1012 inquirendum

510 1051 566 1106 est.
602 1042 691 1107 Dixit
709 1041 821 1120 Poeta,
838 1066 870 1105 se
886 1042 1112 1108 celebraturum
1128 1067 1193 1108 esse
1209 1043 1398 1110 Nemeaeum
1413 1046 1523 1110 decus:

506 1161 571 1245 jam
594 1159 687 1236 dioit,
711 1181 743 1222 se
758 1167 865 1244 postea
880 1159 1106 1225 celebraturum
1122 1183 1188 1224 esse
1203 1169 1357 1227 certamen
1372 1163 1523 1227 virorum:

510 1285 663 1342 certamen
686 1285 808 1355 sutem,
832 1277 917 1361 quod
940 1277 1131 1356 celebratur,
1155 1301 1218 1344 non
1243 1287 1290 1344 est
1305 1281 1366 1345 nisi
1381 1282 1522 1346 victoris:

509 1416 582 1480 argo
616 1395 708 1460 verbo
738 1396 803 1475 ἐρέω
833 1394 975 1479 expletur
996 1394 1138 1461 vocabuli
1162 1397 1273 1476 uixero
1297 1398 1385 1481 quasi
1409 1398 1523 1482 signifi-

508 1513 589 1576 extio
611 1535 662 1589 ea,
686 1519 723 1575 ut
745 1512 787 1576 sit
809 1512 871 1575 fere
893 1534 1096 1597 synonymum
1119 1515 1202 1598 ejus,
1227 1513 1310 1598 quod
1334 1514 1427 1579 modo
1442 1516 1524 1600 posi·

508 1637 576 1693 tum
606 1629 685 1706 fuit,
715 1629 821 1709 χάρινε
845 1628 889 1693 sie
912 1629 1038 1712 quidem
1061 1638 1142 1694 reete
1165 1629 1270 1694 additu
1292 1637 1367 1694 sunt
1389 1634 1421 1696 ἐκ
1445 1655 1525 1710 παγ-

508 1746 643 1826 nparloo:
676 1753 764 1830 partu
786 1746 865 1809 foret
886 1768 904 1808 e
927 1746 1086 1830 pancratio
1110 1745 1164 1810 illa
1186 1747 1315 1811 cauendi
1338 1749 1465 1812 materia
1487 1749 1520 1812 iu

508 1863 673 1928 camnine
695 1862 778 1926 virili
801 1863 909 1948 posita.
957 1861 1045 1943 Quae
1067 1863 1193 1946 qnid'em
1217 1864 1379 1948 explicatio
1402 1867 1429 1928 ei
1451 1887 1523 1930 vera

508 1987 573 2057 est,
604 1979 768 2044 difficultas
799 2001 853 2057 ea,
885 2001 963 2065 qnae
995 1978 1084 2045 nobie
1108 1991 1153 2044 est
1175 1981 1269 2066 hujus
1292 1981 1371 2058 looi,
1396 1982 1522 2047 Graecis

508 2120 571 2163 nou
594 2098 673 2173 fnit,
697 2097 845 2161 oontinuo
868 2096 982 2160 Poetae
1006 2097 1055 2160 sui
1077 2099 1261 2162 senteutiam
1282 2119 1346 2163 eam
1364 2122 1523 2184 assequen-

509 2217 611 2292 tibus,
644 2222 681 2279 ut
713 2220 852 2298 optaret,
875 2213 1087 2292 Timostheui,
1112 2237 1208 2298 quum
1232 2216 1278 2279 vir
1301 2217 1402 2281 iaetus
1425 2216 1520 2294 foret,

508 2340 631 2417 partum
661 2332 699 2395 iri
730 2330 880 2416 pancratii
911 2331 1087 2395 victoriam:
1112 2339 1268 2396 ettamen
1292 2331 1354 2396 illis
1378 2353 1519 2416 quoqne,

509 2471 695 2535 quamquam
726 2449 902 2513 eertumiuis
932 2449 1055 2512 nomine
1078 2469 1161 2514 nuno
1186 2449 1343 2514 victoriam
1367 2449 1520 2534 designari

507 2564 770 2650 intelligentibus,
800 2575 954 2631 oertamen
986 2568 1107 2652 proprie
1139 2589 1200 2632 nou
1224 2566 1309 2632 idem
1330 2589 1395 2632 ease
1421 2569 1520 2632 viarm

508 2691 555 2746 ast
584 2691 678 2767 atque
709 2683 851 2747 victoriae
884 2705 988 2748 verum
1013 2683 1092 2748 hane
1114 2685 1202 2768 quasi
1225 2684 1382 2768 quandam
1404 2684 1519 2750 nubem

507 2801 604 2864 levem
635 2800 767 2863 orationi
797 2799 894 2864 Poeta
915 2801 1079 2885 imposuit,
1105 2809 1142 2865 nt
1163 2808 1284 2880 tamen,
1309 2801 1386 2886 qnid
1408 2801 1520 2878 vellet,

507 2925 685 3002 appareret,
709 2924 871 3002 propterea
892 2917 977 3001 quod
1000 2939 1064 2982 rem
1088 2918 1224 2982 futuram
1247 2926 1351 3002 optat:
1376 2925 1424 2981 est
1439 2917 1519 2981 eninr

507 3055 651 3098 ererum
673 3034 848 3098 futurarum
870 3034 983 3098 fidueia
1005 3034 1142 3112 alienus,
1168 3035 1307 3118 quamvis
1330 3035 1440 3120 plenus
1456 3034 1521 3120 spei

508 3159 540 3216 et
563 3173 682 3236 semper
703 3152 853 3216 incitansz
877 3151 933 3216 illa
955 3152 1051 3232 μάχα
1069 3151 1207 3216 nondum
1223 3159 1287 3216 erat
1302 3152 1405 3232 χάρις,
1422 3173 1522 3236 neque

507 3270 653 3335 fidentius
677 3293 744 3335 eam
767 3271 812 3334 ita
830 3271 893 3355 jam
918 3268 1086 3334 vocandam
1109 3277 1218 3354 putat,
1244 3277 1274 3333 et
1297 3276 1400 3333 tamen
1420 3277 1522 3334 mente

508 3411 573 3453 eam
605 3390 747 3452 carminis
778 3387 938 3451 materiem
960 3387 1120 3472 praecipit.
1166 3385 1234 3450 Nee
1257 3394 1360 3450 tamen
1383 3386 1525 3450 haesita

508 3505 658 3589 disputari
689 3505 777 3578 volo,
811 3504 897 3587 quasi
930 3503 1027 3568 Poeta
1049 3511 1191 3568 aoeurate
1214 3504 1408 3587 cogitateque
1433 3501 1523 3567 verba

508 3623 706 3706 quaesiverit:
742 3622 847 3707 potius
880 3629 999 3705 partam
1029 3621 1154 3704 iugenio
1185 3629 1217 3684 et
1248 3629 1376 3685 naturae
1407 3621 1522 3706 impetu

508 3741 690 3804 senteutiam
714 3738 806 3804 verba
828 3761 891 3803 non
913 3739 1012 3802 invita
1034 3747 1140 3801 secuta
1162 3746 1249 3800 suut:
1274 3737 1327 3801 sed
1351 3737 1437 3802 alind
1460 3745 1525 3814 est,

508 3857 640 3942 dirigere
666 3865 800 3921 mentem
824 3863 856 3919 et
879 3855 1046 3940 perfeetum
1070 3853 1201 3918 condere
1224 3875 1321 3938 opus:
1346 3852 1447 3935 aliud,
1471 3852 1524 3916 arl-

509 3973 613 4039 hibere
644 3983 756 4052 artem,
789 3982 825 4037 ut
855 3974 887 4036 in
918 3972 1052 4057 perfecto
1083 3993 1175 4056 opere
1206 3971 1396 4054 praeclarum
1427 3969 1523 4034 deone

508 4091 673 4176 intelligas.
719 4091 869 4155 Similiter
898 4090 947 4154 IX
982 4091 1044 4152 129
1067 4088 1187 4169 χάρμαι
1210 4088 1334 4172 quidem
1357 4087 1523 4164 dicuntur,

509 4209 562 4273 sed
586 4208 754 4273 laudantur
776 4217 902 4292 propter
925 4207 1077 4271 victorias.

557 4328 608 4391 77.
643 4329 677 4390 ἐκ
699 4325 894 4406 παγκρατίου.
929 4324 1128 4388 Pancratinm
1151 4323 1212 4386 luit
1234 4344 1325 4407 grave
1348 4329 1523 4398 certamen,

510 4445 712 4528 oompositum
737 4464 773 4506 ex
796 4443 881 4507 lucta
903 4451 934 4507 et
957 4441 1108 4528 pugilatu.
