3725 5542
967 683 1031 744 406

491 885 573 946 visae
596 880 729 946 suntad
754 890 851 944 certas
875 880 1024 963 quasdam
1048 903 1095 944 res
1119 891 1293 964 praesentes
1316 881 1507 946 Rhodiorum

492 1000 539 1062 vel
570 1000 668 1082 ipsius
699 999 850 1081 Diagorae
882 999 1050 1081 pertinere:
1084 1021 1189 1062 verum
1219 999 1252 1062 id
1279 998 1356 1062 nihi
1380 999 1510 1063 nonita

491 1141 557 1181 esse
592 1117 722 1180 videtur.
777 1116 894 1200 Sponte
932 1138 1000 1180 cum
1035 1116 1147 1179 victore
1178 1116 1376 1180 clarissimam
1407 1115 1509 1180 Rhodi

492 1242 673 1300 vetustatem
697 1234 858 1318 ipsiusque
880 1233 1004 1296 victoris
1026 1235 1187 1319 antiquam
1210 1243 1241 1297 et
1266 1234 1430 1317 gloriosam
1452 1234 1512 1297 ori·

492 1353 594 1434 gisem
625 1350 766 1435 copulat:
791 1359 827 1413 ut
849 1349 928 1412 solet
952 1350 1001 1412 six
1025 1372 1043 1413 a
1066 1352 1216 1414 victorum
1238 1349 1384 1414 laudibus
1407 1351 1512 1414 civita·

493 1477 539 1532 tes
561 1468 686 1532 illorum
709 1475 742 1530 et
764 1467 892 1550 majores
914 1468 1095 1550 sejungere:
1120 1467 1152 1530 in
1175 1467 1328 1532 uenando
1351 1477 1453 1532 autem
1475 1490 1509 1530 er

493 1584 647 1670 profundo
677 1583 801 1666 ingenio
833 1583 949 1667 profert
979 1583 1129 1666 ejusmodi
1160 1585 1294 1661 monita,
1322 1605 1401 1667 quae
1424 1585 1513 1668 quasi

494 1711 578 1766 vates
600 1723 701 1764 rerum
725 1709 869 1763 eventum
893 1700 1034 1784 vitaeque
1055 1700 1206 1764 hnmanae
1222 1702 1371 1764 rationem
1387 1709 1419 1764 et
1434 1699 1513 1764 Deo

494 1841 561 1883 rum
586 1839 691 1880 curam
715 1825 747 1880 et
769 1815 992 1899 providentiam
1015 1815 1192 1900 intelligens
1207 1815 1297 1880 silere
1314 1839 1375 1881 non
1393 1825 1510 1900 potest:

494 1935 556 2012 ἔχω
585 1931 669 1996 καλά
698 1956 733 1996 τε
760 1931 894 2011 medear·
924 1930 1050 2012 ἄμαχον
1078 1933 1187 2011 κρύψαι
1210 1933 1244 1996 τὸ
1266 1933 1410 2009 συγγενὲς
1433 1927 1512 2005 flac:

494 2050 547 2114 Ol.
576 2049 661 2113 XIII
692 2052 743 2112 14.
782 2051 886 2132 Atque
907 2049 942 2113 in
965 2049 1020 2126 iis,
1045 2051 1099 2132 qui
1122 2051 1311 2114 uenationes
1335 2049 1459 2114 Piudari
1482 2059 1513 2114 et

497 2168 614 2230 monita
645 2166 683 2229 ad
708 2174 807 2230 certas
829 2188 877 2230 res
902 2175 1076 2250 praesentes
1099 2167 1329 2232 accommodata
1351 2189 1417 2232 esse
1439 2168 1515 2232 exis

496 2285 624 2359 timent,
649 2291 695 2346 est
718 2304 792 2346 sane
814 2280 863 2344 vel
884 2282 918 2345 in
942 2283 1048 2365 primis
1070 2281 1256 2366 landolphus
1280 2282 1451 2348 Disaenius.
1479 2283 1511 2348 [s

496 2408 597 2464 autem
609 2399 772 2484 opinatur,
793 2398 882 2464 illum
894 2399 1078 2482 Diagoram,
1093 2407 1234 2462 acuneta
1246 2397 1375 2463 Graecia
1385 2401 1515 2465 maxime

495 2515 693 2581 nobilitatum
735 2514 888 2599 pugilem,
919 2515 953 2578 in
984 2514 1127 2598 pugilatu
1157 2514 1319 2599 Olympiae
1350 2537 1448 2580 unum
1478 2538 1515 2579 ex

497 2632 675 2696 adversariis
698 2632 822 2715 gratim
842 2631 1018 2696 vulnerasse
1033 2640 1064 2695 et
1079 2632 1187 2696 mortis
1210 2634 1240 2697 ei
1254 2641 1409 2698 auctorem
1426 2633 1515 2697 exsti·

496 2749 579 2812 tisse.
616 2749 721 2833 Atque
747 2748 781 2811 id
811 2748 856 2810 ita
883 2748 977 2811 luisse
1005 2749 1136 2812 maxime
1163 2749 1333 2826 exstimat,
1358 2757 1517 2834 propterea

500 2865 585 2949 quod
608 2888 642 2928 vs
665 2869 708 2928 49
732 2865 825 2949 liujus
844 2865 987 2930 carminis
1004 2873 1146 2930 narratur
1160 2865 1354 2950 Tlepolemus
1369 2867 1516 2930 occidisse

498 2981 703 3065 Licymnium.
750 2980 946 3048 cleomedem
974 2993 1100 3048 namant
1122 2983 1154 3046 in
1178 2983 1320 3067 pugilatu
1342 2984 1443 3048 occim
1466 2983 1516 3046 ad·

502 3100 631 3162 versario
665 3098 736 3163 Ioco
767 3099 806 3164 ab
834 3098 1063 3176 Hellanodiois,
1096 3107 1257 3183 propterea
1285 3100 1370 3182 quod
1400 3100 1516 3184 injusta

496 3214 638 3292 fecisset,
662 3236 776 3279 corona
797 3214 940 3279 orbatum
963 3215 1058 3279 fuisse
1081 3223 1112 3278 et
1135 3215 1327 3299 aegritudine
1342 3225 1516 3300 correptum

495 3332 675 3396 insaniisse:
706 3332 841 3396 Pausan.
871 3331 909 3396 L.
942 3331 989 3394 VI
1012 3330 1048 3394 G.
1073 3331 1121 3394 IX
1144 3335 1175 3396 3.
1213 3335 1257 3396 At
1279 3332 1429 3416 Diagoras
1452 3355 1514 3398 non

495 3471 609 3514 corona
630 3449 755 3515 orbatus
777 3449 831 3514 sed
854 3449 942 3533 quasi
966 3471 1021 3534 pro
1044 3448 1220 3514 felicissimo
1243 3449 1347 3534 pugIle
1370 3449 1512 3530 habitus,

502 3577 533 3628 et
556 3566 614 3628 lroc
636 3566 674 3628 de
698 3565 752 3629 illo
773 3587 895 3629 carmen
919 3567 1020 3630 aureis
1043 3565 1139 3630 literis
1162 3567 1194 3628 in
1218 3566 1283 3650 ejus
1300 3567 1398 3649 patria
1413 3588 1515 3631 couse-

496 3694 616 3744 cratum
633 3688 689 3743 est.
725 3682 767 3743 At
790 3680 951 3745 Dissenius
973 3683 1107 3747 invitum
1123 3683 1230 3746 iecisse
1245 3683 1399 3767 opinatur.
1437 3681 1510 3748 Non

494 3799 626 3862 insitum
657 3799 762 3862 iecisse
789 3797 974 3864 Cleomeden
1006 3823 1062 3864 nee
1093 3799 1193 3865 ullum
1225 3800 1438 3864 testimonium
1466 3799 1513 3862 vel

494 3913 713 3978 documentum
736 3925 783 3978 est
806 3937 861 3980 nee
884 3916 1048 3982 verisimile
1071 3929 1126 3979 est.
1166 3919 1217 3980 An
1240 3915 1347 3980 mades
1372 3916 1515 4000 quamvis

495 4031 703 4094 involuntaria
724 4032 807 4116 apud
830 4032 965 4095 Graecos
987 4053 1059 4095 eum
1082 4053 1201 4096 summa
1224 4031 1341 4096 lustitia
1363 4041 1395 4094 et
1418 4053 1510 4096 aureo

496 4149 604 4214 decore
634 4151 799 4233 conjuncta
827 4171 894 4213 essa
918 4148 1042 4232 potuit?
1076 4152 1126 4212 An
1150 4171 1212 4213 non
1237 4149 1346 4214 Peleus
1369 4172 1405 4213 ac
1427 4148 1513 4214 Tela·

495 4287 567 4330 mon
591 4275 715 4350 propter
737 4266 976 4330 involuntariam
992 4265 1115 4331 caedem
1133 4266 1172 4331 ab
1188 4267 1325 4332 omnium
1338 4267 1509 4350 justissimo

496 4383 598 4444 Aeaco
627 4383 745 4465 expulsi
775 4382 894 4468 patria?
928 4385 978 4446 An
1001 4404 1063 4447 non
1085 4383 1237 4448 Adrastus
1261 4391 1386 4468 propter
1408 4383 1507 4448 simile
