3725 5542
808 715 846 777 77

321 914 452 980 trinam?
499 915 567 978 Imo
600 935 670 977 vero
701 912 864 977 contemsit
895 910 1110 995 loquacitatem
1139 933 1260 988 eorum,
1286 912 1340 996 qui

322 1056 414 1117 quum
446 1032 545 1095 multa
574 1030 779 1116 accepissent,
812 1038 914 1093 tamen
943 1050 1006 1091 non
1036 1036 1179 1112 saperent
1199 1051 1257 1093 uec
1279 1050 1342 1092 mo

322 1149 392 1213 dum
416 1158 522 1213 tenere
546 1148 669 1211 scirent.
717 1144 870 1231 Cognovit
892 1146 959 1229 ipse
982 1166 1103 1209 omnem
1126 1144 1286 1210 historiam
1310 1154 1342 1209 et

321 1267 497 1352 mythorum
530 1272 729 1331 vetustatem:
762 1264 987 1329 Eleusiniorum
1018 1287 1172 1329 sacrorum
1194 1266 1342 1329 initiatio·

321 1408 387 1449 nem
418 1386 499 1449 tanti
531 1384 620 1462 fecit,
654 1392 689 1447 ut
719 1382 842 1447 beatum
873 1382 1062 1467 praedicaret
1092 1406 1180 1460 eum,
1213 1384 1268 1467 qui
1291 1383 1340 1447 his

323 1503 392 1566 visis
415 1502 516 1570 abiret
538 1502 571 1565 in
595 1502 727 1578 inferos,
753 1523 848 1587 quum
869 1502 1064 1585 cognovisset
1077 1523 1174 1565 novae
1191 1502 1342 1587 principia

324 1622 463 1705 vitae21)
487 1620 663 1707 complexus
687 1628 767 1684 certe
791 1642 846 1684 sua
868 1620 1009 1685 doctrina
1023 1627 1088 1698 est,
1105 1618 1257 1704 quidquid
1274 1626 1340 1684 erat

322 1740 448 1823 cognitu
479 1738 618 1823 dignum.
655 1740 714 1801 Ast
735 1739 769 1802 in
792 1738 847 1802 illo
871 1737 1011 1802 doctrina
1034 1737 1095 1801 vim
1118 1738 1271 1823 promovit
1293 1737 1340 1801 in·

322 1857 420 1919 sitam.
469 1854 606 1921 Naturae
630 1856 740 1921 tribuit
762 1858 829 1941 ipse
853 1855 1036 1940 plurimum:
1060 1854 1171 1919 natura
1194 1854 1255 1918 luit
1277 1853 1341 1917 veri

323 1972 508 2056 intelligens.
525 1974 551 2057 2)
586 1971 718 2037 Caecum
750 1994 801 2036 cor
831 1972 924 2037 habet
948 1972 1058 2056 vulgus
1080 1971 1258 2036 mortalium
1281 1992 1339 2035 nec

324 2091 482 2154 veritatem
512 2089 676 2175 intelligit,
694 2091 720 2173 ³)
751 2098 781 2153 et
812 2096 913 2153 tamen
947 2112 1054 2153 sumus
1077 2089 1201 2173 cognati
1224 2088 1303 2153 Diis.
1316 2090 1343 2173 4)

323 2206 445 2271 Scilicet
476 2228 512 2269 ea
542 2208 683 2291 cognatio
712 2208 744 2271 in
771 2205 876 2271 multis
900 2214 932 2269 ct
955 2206 1033 2292 proh
1057 2206 1160 2271 dolor!
1186 2207 1340 2292 plerisque

326 2324 501 2388 hominibus
531 2324 623 2389 latet:
656 2326 689 2388 in
720 2326 825 2409 paucis
856 2332 983 2409 apparet
1014 2332 1045 2387 et
1070 2330 1175 2409 aperta
1201 2331 1264 2387 est:
1289 2323 1340 2402 hi,

326 2462 435 2525 magno
459 2441 585 2525 ingenio
609 2449 639 2505 et
662 2450 789 2519 natura,
814 2442 955 2506 feriuntur
969 2464 1080 2525 magno
1097 2440 1201 2505 studio
1216 2440 1343 2504 meliora

326 2557 461 2635 dicendi,
487 2581 543 2622 nec
567 2559 735 2643 quidquam
758 2566 884 2636 curant,
909 2559 1002 2621 modo
1017 2558 1091 2622 huic
1107 2557 1211 2621 studio
1227 2557 1342 2621 obtem·

326 2682 449 2759 perent:
474 2698 536 2739 nou
560 2684 691 2762 possunt
715 2677 854 2740 occulere
877 2698 992 2740 morem
1007 2677 1145 2740 insitum.
1162 2678 1187 2759 ⁶)
1222 2676 1269 2739 Ex
1284 2675 1343 2739 hoc

325 2793 384 2856 fuit
406 2816 516 2878 genere
538 2794 707 2872 Pindarum
724 2802 882 2880 praestans
899 2796 1013 2859 virtute
1029 2802 1061 2857 et
1074 2794 1210 2879 ingenio.
1234 2793 1343 2857 Exem-

326 2910 410 2995 plum
433 2913 552 2975 exstitit
574 2914 640 2997 ipsc
662 2912 747 2976 illius
771 2913 959 2989 sententiae,
983 2934 1075 2997 quam
1091 2912 1228 2996 aperuit,
1245 2911 1342 2975 homi·

326 3028 414 3093 nibus
438 3051 505 3093 esse
528 3051 597 3093 cum
619 3029 687 3093 Diis
703 3030 916 3115 cognationem
933 3037 964 3093 et
979 3028 1221 3093 similitudinem.
1247 3028 1340 3109 Quod

328 3148 442 3211 utinam
474 3146 638 3231 aliquando
671 3149 773 3212 cuncti
802 3147 946 3212 mortales
977 3147 1172 3233 intelligant,
1197 3156 1228 3211 et
1250 3170 1339 3231 posse

328 3261 418 3326 alium
443 3270 595 3348 praestare
619 3263 685 3340 alii,
710 3264 762 3328 sed
787 3272 889 3329 tamen
906 3264 1041 3348 ejusdcm
1057 3286 1113 3329 nos
1129 3287 1194 3329 ease
1210 3265 1339 3348 generis.

791 3499 868 3583 qa.

545 3732 729 3814 Coaaporotio
752 3732 881 3798 Pindari
904 3756 968 3799 caca
990 3734 1125 3799 Homero.

369 3963 560 4029 Conantibus
579 3967 735 4051 propriam
750 3966 875 4033 Pindari
891 3969 1058 4055 sapientiae
1074 3972 1223 4034 rationem
1239 3977 1338 4034 osten·

329 4078 395 4146 dere
411 4084 510 4147 visum
526 4083 614 4147 nobis
631 4092 677 4149 est
692 4086 837 4152 adhibere
854 4088 1111 4174 comparationem
1128 4086 1266 4153 Homeri.
1292 4088 1340 4151 Dc

330 4258 509 4274 ——u

363 4378 386 4441 1)
406 4382 499 4447 Fraffla.
516 4382 595 4446 Heyu.
613 4386 665 4435 Iac.
684 4385 731 4446 96,
749 4386 857 4439 Boeclrlr.
878 4389 961 4439 aaran.
980 4391 1003 4440 8.
1104 4387 1130 4451 2)
1148 4387 1219 4437 conl.
1232 4387 1340 4452 ptati.

363 4474 386 4534 8)
402 4478 467 4527 Nem.
490 4477 548 4529 VII.
568 4476 608 4529 tt.
705 4482 733 4544 4)
751 4484 814 4533 Nm.
837 4484 877 4533 VI.
896 4485 918 4533 l.
1103 4485 1127 4545 ὅ)
1147 4483 1185 4532 ΟΙ.
1202 4482 1281 4534 XIII.
1300 4481 1340 4533 lt.
