3725 5542
828 717 892 779 999

395 918 448 979 98.
484 916 601 987 desecte.
639 914 771 981 Dubitat
795 915 953 1001 Heyuius,
984 925 1089 981 utrum
1111 923 1234 1001 tempus
1255 916 1373 1000 signifi·

350 1040 452 1110 cetur,
477 1033 562 1097 velut
585 1032 635 1097 Ol.
657 1031 705 1097 IX
727 1037 746 1097 9
771 1032 885 1112 ἕμιθεν,
912 1044 982 1120 post
1002 1034 1130 1118 longum
1151 1033 1370 1111 intervallum,

351 1172 390 1215 au
421 1151 524 1229 loeus,
553 1151 707 1231 οθριινθθεν.
755 1151 870 1217 Verum
903 1175 967 1217 non
990 1153 1065 1217 satis
1088 1151 1222 1216 attendit
1244 1150 1284 1215 ad
1307 1152 1369 1215 dis·

351 1268 465 1333 crimen
488 1267 626 1334 adverbii
648 1269 717 1341 έκθος
740 1268 779 1335 ab
802 1270 856 1347 iis,
881 1291 961 1354 quae
984 1270 1017 1335 in
1040 1272 1084 1334 θεν
1108 1268 1271 1345 desinunt,
1296 1291 1370 1353 quo-

350 1408 419 1449 rum
450 1386 572 1470 propria
602 1386 785 1471 significatio
812 1395 859 1453 est
882 1395 985 1453 motus
1008 1387 1047 1453 de
1070 1388 1156 1464 loco,
1181 1408 1259 1473 quae
1281 1387 1308 1451 si
1331 1385 1369 1450 ad

350 1510 471 1589 tempus
504 1504 702 1583 transfertur,
735 1503 834 1571 ἓνιοιθει
858 1506 1013 1591 significat
1035 1528 1072 1571 ex
1096 1505 1190 1590 longo
1213 1513 1368 1589 tempore:

351 1643 445 1705 quam
468 1622 723 1707 significationem
745 1634 828 1689 recte
852 1624 963 1689 tribuit
986 1625 1013 1689 ei
1033 1623 1184 1688 vocabulo
1204 1622 1255 1688 01.
1273 1622 1322 1687 lx
1338 1627 1369 1687 9.

352 1737 536 1804 Plutarchus
568 1740 599 1803 in
628 1740 747 1805 Theseo
779 1740 926 1806 XXXIII
959 1742 992 1807 τὸ
1015 1743 1075 1821 νθιρ
1098 1740 1157 1806 ἄνω
1180 1742 1246 1835 τοὺς
1270 1744 1369 1807 ’Arre-

351 1858 416 1929 ιιοὺς
446 1857 553 1929 θνέιςοις
585 1857 751 1940 θιομθζειν,
784 1859 834 1923 ecl
857 1860 996 1925 θνέιιοιθεν
1018 1859 1052 1924 πθ
1074 1858 1198 1927 ἄνωθεν,
1238 1856 1301 1922 Ubi
1324 1880 1371 1922 ac·

352 1983 460 2041 centus
491 1975 615 2059 quidem
647 1974 735 2041 aliter
763 1978 889 2061 ponitur
912 1998 947 2040 ac
971 1984 1077 2041 nostro
1100 1976 1186 2053 looo;
1210 1984 1242 2041 et
1264 1997 1371 2039 rursus

353 2092 537 2178 Apollonius
569 2092 796 2163 alexandrinus
829 2093 1026 2159 scribendum
1055 2094 1183 2177 quidem
1206 2116 1271 2157 esee
1294 2092 1371 2157 dicit

353 2210 476 2293 οθνειιοθς,
513 2212 634 2276 Atticos
668 2232 740 2276 vero
772 2213 874 2279 minus
906 2221 989 2278 recte
1020 2212 1153 2279 scribere
1175 2210 1303 2283 θνεκοιςε
1334 2210 1373 2275 de

354 2327 519 2405 adverbiis,
544 2328 693 2393 anecdota
712 2329 830 2395 Graeca
849 2330 940 2397 Imm.
962 2330 1111 2408 Beklreri,
1132 2330 1169 2395 Τ.
1191 2329 1226 2394 ΙΙ
1247 2352 1277 2415 p.
1296 2331 1372 2397 579.

354 2445 401 2511 (ll.
422 2446 546 2513 Lobeclr
566 2446 605 2511 ad
623 2447 833 2532 Phrynichuur
852 2470 881 2533 p.
900 2452 976 2515 979.
1006 2449 1177 2534 Aeschylus
1194 2447 1289 2513 Ohoe.
1307 2451 1371 2513 497

352 2565 456 2630 ἄνωθεν
486 2564 633 2633 οθνέιιοιθει.
681 2564 858 2631 Herodotus
890 2566 923 2632 in
950 2574 1088 2651 tempore
1111 2565 1313 2651 significando
1337 2565 1373 2630 II

354 2686 396 2747 49
428 2682 618 2764 Ἀμφιτρύων
645 2684 694 2748 xci
719 2686 889 2766 Ἀλκμήνη,
921 2684 1077 2762 γεγονότες
1099 2687 1134 2750 πθ
1156 2684 1294 2749 ἀνέκοιθεν
1315 2686 1372 2749 ἀπ’

354 2800 518 2877 Αἰγύπτου.
562 2798 678 2865 Verum
702 2808 782 2865 certe
806 2799 891 2865 aliud
915 2808 963 2865 est
984 2802 1093 2873 ἅνειιιὶι
1116 2800 1263 2884 πέμπειν,
1287 2800 1373 2866 aliud

352 2916 490 2981 θνέιοοιθεν
523 2915 661 2993 πέμπειν.
709 2916 821 2982 Pollux
856 2916 984 3001 quidem
1016 2916 1054 2982 L.
1086 2916 1135 2982 IX
1170 2921 1231 2983 197
1265 2918 1372 2984 scribit

353 3040 484 3113 οΦοιῖροιν
515 3032 652 3111 πέμπειν.
699 3033 741 3097 Et
773 3039 904 3116 πφοιῖροιι
935 3035 995 3099 θινιο
1027 3034 1155 3112 πέμπειν
1183 3035 1258 3119 quid
1286 3035 1371 3101 aliud

354 3150 505 3236 significet
536 3152 596 3217 nisi
624 3151 720 3235 pilam
748 3150 781 3216 in
803 3151 937 3217 sublime
960 3152 1104 3217 mittere?
1149 3151 1261 3217 Aeseh.
1286 3152 1369 3217 Pers.

354 3267 417 3329 645
451 3266 483 3331 in
513 3265 668 3331 evocando
699 3266 812 3331 Dario:
843 3268 981 3343 πέμπετε
1003 3264 1029 3329 δ’
1052 3266 1122 3331 alvo.
1167 3263 1264 3350 Soph.
1289 3263 1370 3329 Phil.

356 3386 440 3449 1162
474 3381 531 3451 θ’ποι
564 3387 676 3462 πέμπει
710 3384 841 3466 βιθδωρος
878 3380 942 3451 elo.
989 3383 1121 3461 Noster,
1154 3381 1205 3448 Ol.
1240 3381 1306 3446 VII
1329 3384 1371 3445 99

353 3501 497 3567 Rhodum
519 3525 557 3569 ex
580 3504 656 3567 mari
679 3504 708 3575 ές
733 3502 833 3581 οιθθέροι
855 3504 1056 3584 πεμφθεῖσαν.
1097 3500 1167 3567 Hoc
1185 3501 1282 3587 igitur
1301 3499 1372 3565 Pin·

352 3619 419 3684 dari
452 3619 520 3685 loco
555 3620 663 3693 θνειιθις
697 3622 825 3698 πέμπειν
863 3621 985 3685 videtur
1014 3620 1093 3685 mihi
1115 3618 1371 3704 significationem

353 3737 464 3803 habere
497 3738 529 3803 in
564 3736 661 3803 altum
694 3737 862 3815 erehendi,
895 3738 1057 3803 efferendi:
1091 3736 1214 3821 copiose
1245 3735 1372 3800 additur

353 3854 538 3940 adjectivum
569 3855 698 3937 ὑψνλθνι
731 3878 853 3921 sursum
887 3856 1015 3921 evehere
1042 3854 1219 3921 felicitatem
1243 3874 1372 3937 eamque

353 3974 445 4037 altam
470 3972 596 4039 efficere.
631 3972 702 4038 Jam
724 3996 814 4039 versu
839 3978 882 4039 94
906 3973 1026 4039 dixerat
1049 3974 1163 4049 Poeta,
1187 3971 1372 4036 oblivionem

352 4090 503 4155 malorum
534 4091 600 4155 fieri
629 4091 754 4156 meliore
785 4092 924 4157 fortuna:
958 4113 1043 4157 nuno
1075 4112 1166 4167 raro,
1199 4089 1265 4173 ipsa
1292 4087 1373 4153 mala

355 4230 479 4291 prorsus
503 4207 613 4285 deleri,
637 4208 782 4273 felicitate
806 4210 838 4273 in
863 4209 964 4273 altum
987 4217 1099 4273 evecta.
1146 4206 1241 4270 Becte
1263 4204 1372 4269 scholi·

353 4333 419 4389 asta
446 4332 549 4391 vetos:
579 4322 650 4390 θποιν
673 4330 689 4403 θ
711 4333 762 4393 τοῦ
786 4328 849 4393 θεοῦ
872 4335 960 4406 μοῑροι
983 4330 1031 4392 τὸν
1054 4326 1141 4404 θλβον
1163 4323 1223 4389 ἂνω
1246 4321 1369 4403 adlisa.

398 4447 451 4508 89.
486 4445 630 4523 εὐθρόνοις.
665 4443 834 4531 Epitheton
859 4446 960 4533 regiae
984 4444 1157 4532 diguitatis.
1198 4440 1370 4507 Scholiasta
