3725 5542
844 742 885 803 39

354 964 426 1005 vero
458 942 524 1005 visu
554 940 739 1007 horrendum
763 942 898 1005 laborem
922 943 1048 1007 obeunt.
1096 942 1259 1029 Quotquot
1281 950 1373 1011 susti-

353 1070 492 1123 nuerunt
515 1072 562 1122 ter
585 1058 749 1143 utrobique
772 1068 930 1123 manentes
955 1060 993 1123 ab
1017 1063 1102 1125 omni
1123 1071 1258 1127 mentem
1281 1065 1374 1129 absti-

351 1198 426 1239 nere
456 1176 585 1261 injuria,
619 1176 810 1259 perfecerunt
841 1176 920 1239 viam
948 1176 1035 1241 Joris
1058 1178 1097 1241 ad
1121 1178 1215 1243 Croni
1240 1183 1370 1247 turrim:

351 1293 408 1357 ubi
438 1294 553 1356 circum
584 1291 744 1357 beatorum
773 1293 889 1357 insulas
912 1296 1019 1358 oceani
1042 1318 1135 1360 aurae
1158 1299 1293 1382 spirant,
1319 1302 1373 1364 llo-

350 1432 464 1494 resque
487 1412 571 1475 aurei
595 1411 719 1487 ardent,
744 1411 796 1475 alii
820 1413 934 1475 terreni
958 1434 976 1475 a
998 1412 1168 1497 splendidis
1192 1416 1370 1494 arboribus,

351 1530 430 1593 alios
449 1530 546 1615 pascit
563 1552 657 1613 aqua,
675 1551 806 1612 quorum
822 1530 909 1593 sertis
926 1546 1036 1595 manus
1054 1531 1224 1597 redimiunt
1239 1535 1370 1617 injusto

350 1646 581 1711 Rhadamanthi
611 1646 761 1732 judicio.''
776 1650 799 1729 ¹)
845 1647 993 1711 Similiter
1024 1649 1084 1712 alio
1115 1649 1183 1713 loco
1214 1652 1371 1735 praedicat

349 1762 447 1828 solem
473 1764 574 1828 lucere
596 1764 693 1829 beatis
716 1774 800 1842 tum,
830 1786 926 1847 quum
950 1787 1012 1828 uox
1035 1767 1076 1829 sit
1098 1766 1181 1851 apud
1205 1790 1278 1844 nos,
1304 1790 1369 1831 esse

347 1902 475 1965 campos
499 1883 575 1945 rosis
598 1884 731 1947 nitentes
754 1884 934 1968 purpureis:

657 2002 739 2079 cepe
762 2001 793 2065 δέ
814 2011 915 2081 σφισιν
937 2004 1056 2075 εὐανθὴς

653 2114 737 2189 ἅπας
759 2116 877 2192 τέθηλεν
898 2116 996 2195 ὄλβος.

351 2237 456 2299 cume
477 2236 572 2317 carpit
593 2238 677 2317 apud
695 2257 743 2299 eos
755 2237 870 2318 florida
894 2237 1051 2299 beatitudo.
1065 2238 1090 2317 Β)
1124 2236 1183 2299 Ille
1198 2257 1270 2299 sane
1287 2236 1367 2300 vitae

343 2354 441 2417 finem
464 2351 633 2437 datumque
657 2374 675 2415 a
696 2352 773 2416 Jove
795 2374 893 2415 novae
910 2353 1095 2437 principium
1111 2354 1192 2417 vitae
1207 2354 1364 2437 cognovit:

344 2469 505 2555 copulavit
519 2470 600 2533 inter
615 2492 646 2533 se
661 2470 727 2545 βίον
742 2471 902 2545 τελευτάν,
926 2470 1068 2535 tesauros
1082 2472 1192 2551 ἀρχάν.
1205 2470 1230 2553 ⁸)
1261 2474 1365 2554 Atque

342 2588 434 2651 Jovis
457 2588 537 2651 riam
562 2588 716 2672 vitamque
740 2598 875 2651 nostram
898 2586 1051 2673 triplicem
1074 2587 1164 2651 Plato
1188 2609 1312 2671 quoque
1331 2587 1364 2651 iu

342 2705 488 2770 Phaedro
511 2706 629 2791 posuit,
654 2727 750 2789 quum
773 2705 950 2769 interfuisse
973 2704 1139 2789 aliquando
1162 2706 1277 2769 diceret
1296 2728 1364 2771 nos-

343 2836 410 2887 tras
441 2822 557 2886 animas
590 2822 694 2886 divino
718 2823 835 2899 itineri,
859 2844 922 2906 quo
946 2823 1024 2887 duce
1046 2822 1124 2886 Jove
1146 2822 1199 2885 Dii
1223 2832 1365 2907 spectant

342 2964 383 3005 ea
405 2941 490 3017 loca,
513 2941 546 3004 in
569 2939 682 3023 quibus
705 2942 772 3025 ipsa
795 2950 842 3003 cst
865 2940 990 3005 veritas:
1015 2942 1104 3025 cujus
1127 2941 1297 3025 spectaculi
1319 2964 1364 3005 re·

341 3057 504 3121 timendam
535 3080 599 3121 esse
630 3067 661 3121 et
691 3057 882 3121 excitandam
913 3058 1106 3136 memoriam
1138 3059 1195 3122 alis
1228 3067 1295 3122 tum
1318 3060 1364 3122 iu·

341 3182 478 3237 structas
501 3174 596 3239 subse
620 3176 751 3253 animas,
776 3186 807 3239 et
830 3176 892 3239 veri
916 3175 1093 3260 philosophi
1116 3176 1250 3239 animam
1270 3176 1363 3239 tertio

340 3293 454 3357 itinere
476 3314 656 3376 recuperare
679 3316 745 3357 eas:
770 3292 960 3376 reliquorum
984 3312 1107 3378 quoquc
1129 3293 1281 3379 triplicem
1298 3294 1363 3356 fieri

340 3412 456 3487 vitam,
489 3420 520 3472 et
550 3430 605 3494 pro
635 3411 752 3474 meritis
783 3432 849 3474 esse
880 3411 1024 3495 praemia.
1036 3413 1063 3495 ⁴)
1107 3410 1261 3475 Pindarus
1290 3431 1362 3473 vero

335 3528 435 3615 justis
465 3528 575 3592 animis
606 3528 743 3592 divinam
776 3529 855 3592 viam
885 3529 984 3613 ipsius
1013 3529 1099 3593 Joris
1114 3596 1117 3606 ,
1130 3536 1266 3613 apertam
1297 3549 1362 3591 esse

339 3646 435 3710 docet
457 3646 497 3711 ad
521 3646 678 3711 beatorum
703 3647 817 3711 insulas
840 3656 870 3711 et
894 3648 934 3711 ad
957 3646 1051 3713 Croni
1070 3645 1194 3731 regiam.
1236 3645 1361 3709 Etenim

338 3774 460 3829 remota
490 3772 536 3829 est
567 3764 658 3848 longe
682 3765 816 3850 perfecta
839 3765 985 3843 beatitas,
1015 3775 1171 3829 ettamen
1195 3765 1261 3848 ejus
1285 3763 1362 3827 desi-

338 3882 463 3947 derium
491 3904 555 3946 uon
577 3892 729 3987 remotum
753 3881 791 3946 ab
815 3883 940 3967 optimis
963 3883 1138 3966 quibusque
1160 3881 1361 3946 mortalibus:

337 4000 440 4086 igitur
471 4001 518 4063 via
548 3998 640 4085 longe
671 4010 731 4077 est,
763 4001 857 4083 inque
888 4000 964 4063 locis
987 4000 1039 4076 iis,
1065 3999 1119 4063 ubi
1143 3999 1273 4063 beatitas
1296 4010 1359 4078 est,

342 4196 534 4209 *-

375 4333 400 4392 1)
422 4330 459 4379 01.
477 4329 513 4377 ΙΙ.
532 4328 594 4387 104,
612 4342 672 4391 seqq.
773 4327 800 4387 2)
818 4326 912 4390 llrsqm.
930 4324 1019 4374 Tbrsu.
1037 4324 1058 4373 1.

375 4428 401 4488 8)
419 4424 513 4489 Frapm.
529 4422 592 4487 apud
611 4420 745 4484 Hepuium,
763 4418 961 4478 lucemxcv1,
979 4420 1042 4484 apud
1059 4418 1209 4467 Boeclbium
1227 4417 1316 4466 Three.
1335 4419 1360 4466 8.

374 4526 403 4583 a)
422 4520 523 4571 macer.
540 4519 588 4568 ess
610 4518 680 4565 n-
698 4517 745 4565 aas
767 4517 795 4565 n.
