3725 5542
952 651 1017 711 sto

481 854 588 917 melius
612 852 793 915 Karstenius
818 851 935 934 passive
959 851 1100 935 explicat.
1124 851 1295 915 Scholiasta
1316 860 1403 915 vetus
1424 864 1493 913 son·

481 974 606 1036 tentiam
630 971 769 1033 universe
793 970 921 1054 proponi
946 969 1116 1045 existimat,
1140 978 1170 1033 et
1192 970 1221 1034 Bt
1243 992 1299 1054 pro
1322 970 1398 1050 rep:
1415 994 1488 1033 ποιν-

480 1092 529 1161 τὸς
560 1092 619 1169 γὰρ
649 1090 742 1167 ἔργον.
788 1086 860 1153 Non
898 1096 943 1149 est
973 1088 1026 1151 ita.
1072 1088 1195 1165 Potest,
1227 1088 1254 1152 si
1283 1088 1358 1151 haec
1392 1088 1489 1170 prima

398 1263 402 1289 ,
483 1211 542 1274 fuit
566 1208 691 1272 victoria
714 1206 860 1291 Agesiae,
891 1205 974 1289 quod
998 1205 1122 1290 quidem
1147 1206 1307 1271 verisimile
1330 1214 1393 1283 est,
1417 1207 1491 1291 quia

485 1350 545 1391 non
569 1327 629 1390 alia
651 1326 682 1389 in
707 1325 840 1389 carmine
863 1334 1064 1403 memoratur,
1092 1324 1174 1404 ἔργον
1196 1325 1367 1410 significare
1389 1326 1489 1409 ipsum

485 1446 613 1531 Agesiae
637 1454 801 1517 certamen,
826 1443 977 1507 clerorum
999 1443 1137 1508 laborum
1156 1445 1294 1522 initium,
1312 1443 1395 1528 quod
1411 1444 1494 1507 illus-

484 1566 523 1629 tri
546 1564 662 1628 lumine
685 1560 891 1625 decorandum
915 1562 972 1625 sit:
1001 1563 1043 1625 ita
1066 1569 1165 1626 totum
1189 1562 1248 1627 hoc
1269 1584 1391 1626 carmen
1414 1563 1493 1627 foret

482 1682 633 1759 τηλαυγὲς
673 1682 754 1758 ἔργον
793 1681 956 1760 ἐρχομένοιο
993 1681 1150 1759 πρόσωπον.
1197 1681 1335 1745 Praestat
1372 1690 1492 1759 tamen,

485 1801 577 1887 hujus
600 1800 696 1884 ipsius
720 1798 861 1863 carminis
885 1797 1044 1863 exordium
1067 1799 1230 1883 significari
1254 1800 1435 1864 existimare.

532 1922 560 1983 7.
595 1918 687 1997 βωμῷ
717 1918 854 1997 μαντείῳ.
888 1914 1046 1980 Posterius
1077 1924 1123 1981 est
1154 1917 1355 2004 adjectivum:
1385 1915 1494 2002 Pyt

486 2039 527 2101 91
559 2038 657 2116 μυχὸν
687 2036 844 2113 exereitus:
876 2033 971 2119 Soph.
1003 2033 1081 2099 Oed.
1112 2035 1147 2099 T.
1172 2038 1212 2098 21
1241 2038 1369 2118 μοιντείοι
1389 2036 1495 2117 σποδῷ.

486 2154 683 2219 Constructio
713 2153 808 2217 dativi
839 2161 885 2217 est
915 2154 1007 2217 etiam
1031 2152 1112 2238 apud
1136 2154 1263 2239 Dionys.
1287 2153 1360 2219 Hal.
1383 2153 1420 2217 L.
1444 2155 1493 2218 IX

488 2298 517 2359 p.
542 2276 625 2351 440,
657 2273 695 2337 de
725 2272 837 2337 Publio
860 2271 1029 2351 Volerone,
1056 2273 1145 2345 οὗτος
1168 2275 1262 2354 {mei
1283 2276 1398 2351 τομίας
1422 2276 1497 2350 γίνε-

485 2418 546 2458 ται.
579 2390 751 2456 Scholiasta
774 2400 879 2455 vetus:
902 2392 995 2471 βωμῷ
1017 2392 1083 2457 ἀντὶ
1107 2399 1157 2458 τοῦ
1176 2392 1289 2470 βωμοῦ.
1311 2391 1345 2458 δι’
1361 2394 1498 2473 ἐμπύρων

487 2513 515 2576 ἐν
535 2511 634 2576 Ἤλιδι
656 2510 783 2586 'lamiae
803 2511 1008 2586 ἐμαντεύοντο,
1027 2513 1085 2590 ἀφ’
1104 2507 1140 2575 ὧν
1159 2512 1193 2576 τὸ
1212 2511 1293 2587 rioci·
1308 2507 1390 2591 εἶχεν
1405 2514 1498 2588 Ἀγν-

488 2635 566 2701 οίοος.
590 2636 640 2693 τοῦ
664 2630 693 2715 ξὲ
716 2630 852 2703 μοντείοο
874 2635 926 2692 τοῦ
950 2629 979 2691 ἕν
997 2628 1096 2693 Ἤλιδι
1118 2628 1168 2692 καὶ
1193 2630 1373 2709 Δικαίαρχος
1388 2631 1499 2707 μέμνῃ·

488 2771 548 2811 τοι.
594 2746 728 2811 Videtur
757 2747 852 2831 igitur
882 2746 1052 2811 secuudum
1083 2747 1141 2811 hoc
1171 2747 1380 2811 testimonium
1407 2746 1498 2811 Pisae

487 2875 607 2953 practer
641 2887 705 2930 eam
742 2888 842 2942 aram,
877 2888 969 2950 quam
1004 2864 1154 2930 Hercules
1187 2865 1259 2930 Jovi
1288 2876 1319 2930 et
1348 2864 1496 2951 Neptuno

488 2985 619 3061 dicavit,
653 3003 704 3047 ara
726 2982 811 3047 Jovis
835 2984 945 3061 finisse,
977 2985 1099 3069 propria
1123 2992 1269 3071 perpetuo
1294 2983 1442 3062 Jamidis,
1464 2984 1499 3047 iu

488 3126 549 3189 qua
572 3104 673 3167 Deum
704 3100 898 3166 consulentes
927 3103 1146 3169 sacrificarent:
1171 3125 1268 3188 quum
1289 3111 1393 3166 umen
1415 3124 1499 3186 prae-

488 3231 571 3287 terea
595 3222 685 3287 etiam
711 3222 854 3284 vaticinio
877 3222 1087 3305 fungerentur.
1125 3220 1213 3286 Cous.
1238 3244 1288 3284 vss
1313 3223 1497 3286 lli-121.

489 3342 555 3406 Neo
584 3349 686 3405 tamen
718 3340 777 3403 hoo
800 3340 844 3403 ita
867 3341 961 3407 fuisse
984 3364 1039 3426 pro
1062 3350 1145 3405 certo
1168 3340 1371 3405 affirmavero:
1397 3341 1499 3405 vatici·

488 3460 549 3525 niis
572 3459 718 3542 inclytum
740 3460 886 3522 mansisse
910 3471 1031 3545 gentem
1055 3460 1198 3545 exposui:
1229 3460 1331 3544 ipsum
1354 3460 1498 3544 Agesiom

487 3581 581 3644 fuisse
605 3588 721 3655 ratem,
753 3587 880 3663 apparet
902 3602 936 3643 vs
960 3582 1020 3643 28:
1046 3602 1166 3657 verum,
1195 3578 1349 3664 quomodo
1371 3580 1499 3665 Agesias

490 3698 716 3762 condendarum
747 3696 964 3781 Syracusarum
992 3700 1093 3763 socius
1116 3698 1230 3763 dicitur
1252 3698 1344 3763 laude
1366 3722 1385 3763 s
1406 3700 1500 3784 majo·

490 3816 575 3880 ribus
598 3816 744 3901 repet-ita,
770 3816 814 3880 ita
836 3817 901 3880 fieri
924 3816 1043 3902 potuit,
1068 3824 1104 3880 ut
1125 3817 1177 3883 hio
1199 3839 1322 3901 quoque
1344 3815 1446 3883 Pisaei
1467 3818 1500 3882 in

487 3935 573 3999 Jovis
605 3957 657 3997 ara
683 3934 821 3998 vaticinii
847 3934 960 3999 titulus
982 3936 1010 3999 ei
1033 3946 1157 4021 propter
1178 3935 1279 4019 gentis
1302 3944 1458 4000 auctorem
1481 3958 1500 3998 a

489 4052 583 4117 Poeta
607 4052 742 4116 tributus
767 4055 816 4117 sit.
862 4053 977 4117 Tamen
1001 4054 1084 4138 prior
1106 4053 1259 4116 sententis
1280 4052 1372 4117 etium
1395 4053 1500 4117 confir-

487 4182 589 4236 matur
612 4194 648 4235 ex
671 4195 723 4247 eo,
747 4172 832 4256 quod
857 4172 936 4248 Elis,
958 4184 993 4236 ut
1008 4172 1155 4250 vidimus,
1171 4171 1362 4237 Jamidurum
1378 4182 1499 4258 gentem

488 4292 547 4355 sibi
570 4293 658 4375 quasi
682 4293 834 4377 propriam
861 4292 1037 4356 vindicarit.

533 4409 675 4475 Ceterum
699 4410 825 4475 fortasse
842 4410 1070 4497 quodammodo
1086 4409 1234 4475 differunt
1251 4412 1332 4475 inter
1347 4434 1379 4477 se
1394 4412 1498 4489 βωμοῦ
