3725 5542
322 926 419 1008 gines.
465 924 514 987 De
546 944 620 1008 agro
652 930 754 986 autem
781 922 895 986 dicitur
918 921 1000 1007 apud
1023 880 1244 985 Callimachum
1267 916 1355 980 Del'

285 1088 288 1093 ι
326 1045 390 1105 164
423 1050 506 1115 νῆσος
537 1042 648 1121 asnapii
681 1065 715 1107 rs
745 1042 794 1106 κοοὶ
826 1040 965 1118 εὔβοτος,
997 1048 1028 1105 et
1059 1040 1141 1124 apud
1172 1038 1338 1123 Virgilium

323 1158 435 1243 Georg.
468 1157 485 1222 I
517 1159 560 1220 64
591 1158 709 1243 pingue
739 1157 850 1222 solum.
896 1146 1081 1241 Opulentioe
1105 1178 1139 1220 ac
1163 1155 1338 1219 divitiarum

324 1276 550 1361 significatione
582 1275 696 1340 dicitur
722 1275 846 1360 pinguia
872 1274 1007 1360 Phrygia
1030 1274 1067 1337 ab
1091 1273 1221 1337 Horatio
1246 1272 1280 1335 L.
1306 1270 1340 1334 II

324 1391 385 1456 Od.
410 1392 476 1456 XII
501 1394 553 1455 22.
591 1392 659 1456 Ηοο
687 1399 792 1455 autem
814 1391 940 1455 Pindari
955 1392 1023 1455 loco
1038 1390 1228 1475 significatur
1243 1386 1341 1472 splen·

326 1509 383 1573 dor
416 1509 612 1574 divitiarum:
653 1530 725 1572 nam
760 1516 876 1593 quanta
906 1509 969 1591 jam
1005 1506 1123 1592 pridem
1157 1504 1341 1569 Orchomeni

326 1627 408 1690 fama
438 1626 549 1702 fuerit,
588 1625 775 1709 intelligitur
806 1646 843 1689 ea
875 1624 1013 1689 oratione
1045 1624 1191 1701 Achillis,
1223 1622 1261 1687 Il
1294 1622 1342 1685 IX

328 1746 412 1822 381,
436 1742 607 1807 recusantis
631 1742 712 1805 dona
735 1741 773 1806 ab
798 1743 1025 1825 Agamemnone
1048 1740 1151 1805 oblata
1376 1738 1381 1749 '

310 1898 314 1906 ·
372 1859 430 1925 ott
453 1858 495 1923 δι’
519 1861 548 1929 ἐς
572 1857 753 1939 Ὀρχομενὸν
775 1858 973 1922 ποτινίσσετοοι
996 1857 1053 1922 οὐδ’
1076 1855 1131 1921 ὅσοι
1154 1856 1289 1933 Θήβοις,

374 1975 562 2053 Αἰγυπτίοις,
584 1972 624 2039 ta
648 1981 780 2038 πλεῖστοι
806 1974 901 2051 δόμοις
924 1976 954 2038 ἕν
975 1974 1118 2051 κτήμοιτοο
1140 1979 1245 2038 νοεῖτον.

329 2092 443 2156 Etiam·
454 2080 582 2169 Strabo,
606 2090 643 2154 L.
666 2089 733 2168 IX,
757 2114 788 2175 p.
812 2094 898 2168 414,
923 2090 1005 2155 Alm.
1024 2092 1108 2167 635,
1125 2092 1183 2154 hoc
1199 2088 1343 2167 affirmat,

330 2233 405 2275 usus
435 2231 472 2273 eo
501 2210 568 2293 ipso
592 2208 721 2273 Homeri
744 2210 931 2274 testimonio.
980 2208 1021 2272 Ilt
1044 2206 1211 2273 Pausanias
1235 2207 1271 2273 L.
1296 2206 1343 2272 IX

331 2325 366 2390 C.
398 2325 539 2389 XXXIV
571 2329 590 2388 6
623 2323 852 2390 Orchomenum
883 2325 959 2389 dicit
991 2326 1022 2389 in
1055 2324 1180 2389 Graecis
1203 2325 1230 2388 si
1253 2346 1345 2408 quam

334 2442 425 2506 aliam
452 2441 606 2506 civitatem
630 2441 804 2526 gloriosam.
851 2442 925 2505 Dixi
950 2441 1143 2525 splendorem
1167 2440 1345 2504 divitiarum

334 2559 516 2644 significari,
539 2541 603 2622 non
626 2557 725 2621 nudas
748 2557 888 2621 divitias:
913 2565 1060 2642 quantam
1076 2558 1157 2622 enim
1173 2557 1344 2642 splendoris

333 2682 365 2738 ct
386 2675 502 2760 gloriae
524 2673 584 2738 hoc
607 2674 791 2738 vocabulum
814 2672 959 2739 habuerit
982 2674 1254 2760 significationem,
1278 2672 1345 2737 vide

334 2790 385 2855 01.
409 2790 492 2854 VIII
518 2792 601 2868 108,
624 2789 678 2853 ubi
702 2789 800 2873 ipsius
823 2786 986 2874 Olympiae
1010 2790 1154 2853 victoriae
1178 2788 1349 2874 appellatur
1486 2784 1491 2795 ’

334 2908 441 2983 κόσμος
472 2906 604 2987 λιπαρός.
651 2905 689 2971 Iu
717 2907 846 2972 urbibus
869 2907 1014 2972 ornandis
1038 2908 1096 2972 hoc
1119 2906 1255 2992 epitheto
1279 2905 1349 2969 Pin·

336 3023 429 3087 darus
459 3023 577 3099 utitur,
604 3023 637 3086 in
661 3022 844 3088 Marathone
867 3022 918 3087 Ol.
943 3022 1027 3087 XIII
1052 3026 1133 3100 167,
1157 3021 1270 3086 Thebis
1293 3022 1347 3106 Py.

337 3140 373 3204 Π
396 3142 435 3218 6,
460 3139 592 3204 Athenis
614 3138 705 3205 Nem.
730 3139 778 3203 IV
800 3142 862 3219 29,
886 3140 965 3204 Isth.
990 3138 1026 3205 H
1049 3142 1103 3203 30.

380 3261 413 3322 4.
449 3252 630 3340 Ορχομενοῦ.
665 3256 807 3341 Utroque
823 3279 933 3342 genere
949 3258 1023 3343 poni
1039 3262 1168 3322 annotat
1184 3254 1347 3321 scholiasta

336 3375 503 3440 recentior:
528 3374 587 3437 hoc
609 3373 678 3437 loco
700 3373 840 3438 videmus
856 3396 921 3438 esse
938 3375 1137 3452 femininum,
1155 3372 1238 3459 apud
1253 3373 1351 3439 'Pheo-

336 3492 449 3556 critum
480 3490 559 3555 XVI
592 3492 655 3555 164
682 3498 729 3556 est
752 3491 975 3571 masculinum,
1000 3499 1031 3555 et
1054 3492 1137 3579 apud
1161 3491 1349 3570 Homerum,

338 3616 375 3673 ut
396 3629 467 3673 mox
490 3606 672 3673 videbimus.

384 3725 414 3790 5.
448 3724 638 3801 ποιλοοιγόνοιν
669 3727 793 3790 Μιννοῖν.
841 3722 995 3789 Homerus
1024 3724 1209 3789 11.11511
1235 3731 1267 3789 et
1289 3723 1349 3789 Od.

339 3840 388 3905 XI
412 3843 476 3904 283
500 3840 635 3927 appellat
659 3842 838 3923 Ὀρχομενὸν
859 3844 1001 3909 Μινύειον.
1024 3841 1134 3908 Strabo
1156 3842 1193 3908 L.
1217 3842 1264 3907 IX
1278 3864 1348 3927 pag.

338 3960 422 4035 414,
447 3958 529 4022 Alm.
554 3959 637 4035 636,
661 3958 773 4023 famam
796 3966 961 4036 memorat,
985 3957 1179 4023 Orchomeno
1198 3959 1350 4044 proiectos

339 4072 464 4136 colonos
494 4072 613 4137 venisse
644 4072 782 4151 Iolcum,
806 4073 939 4159 ideoque
962 4075 1157 4159 Argonautas
1180 4075 1349 4159 appellatos

339 4189 433 4253 fuisse
464 4188 596 4274 Minyas.
620 4189 773 4254 Pindarus
796 4191 921 4275 quidem
945 4192 1133 4277 Argonautis
1156 4192 1215 4256 hoc
1238 4213 1349 4257 nomen

338 4305 449 4371 tribuit
471 4306 527 4391 Py.
553 4305 600 4369 IV
624 4308 699 4371 122.
745 4306 862 4373 Similia
884 4316 958 4373 sunt
981 4308 1064 4395 apud
1086 4306 1280 4373 Herodotum
1303 4306 1351 4374 lv
1386 4300 1389 4305 ¹

342 4423 416 4487 145.
461 4423 648 4487 scholiastae
678 4423 716 4488 ad
747 4423 779 4487 h.
811 4424 832 4489 l.
860 4424 985 4503 dicunt,
1009 4424 1146 4511 Minyam
1169 4422 1348 4491 Thessalum

1171 4544 1228 4601 tt·
