<?xml version="1.0" encoding="UTF-8"?>
<!DOCTYPE html PUBLIC "-//W3C//DTD XHTML 1.0 Transitional//EN"
    "http://www.w3.org/TR/xhtml1/DTD/xhtml1-transitional.dtd">
<html xmlns="http://www.w3.org/1999/xhtml" xml:lang="en" lang="en">
 <head>
  <title>
</title>
<meta http-equiv="Content-Type" content="text/html;charset=utf-8" />
  <meta name='ocr-system' content='tesseract 3.04.00' />
  <meta name='ocr-capabilities' content='ocr_page ocr_carea ocr_par ocr_line ocrx_word'/>
</head>
<body>
  <div class='ocr_page' id='page_1' title='image "./pindaricarminao01pindgoog_0057.png"; bbox 0 0 3725 5542; ppageno 0'>
   <div class='ocr_carea' id='block_1_1' title="bbox 803 724 842 780">
    <p class='ocr_par' dir='ltr' id='par_1_1' title="bbox 803 724 842 780">
     <span class='ocr_line' id='line_1_1' title="bbox 803 724 842 780; baseline -0.026 0"><span class='ocrx_word' id='word_1_1' title='bbox 803 724 842 780; x_wconf 62' lang='lat'>42}</span> 
     </span>
    </p>
   </div>
   <div class='ocr_carea' id='block_1_2' title="bbox 321 917 1331 1361">
    <p class='ocr_par' dir='ltr' id='par_1_2' title="bbox 321 917 1331 1361">
     <span class='ocr_line' id='line_1_2' title="bbox 323 917 1330 987; baseline 0.002 -3"><span class='ocrx_word' id='word_1_2' title='bbox 323 922 434 987; x_wconf 81' lang='lat' dir='ltr'>hictum</span> <span class='ocrx_word' id='word_1_3' title='bbox 465 918 650 983; x_wconf 81' lang='lat' dir='ltr'>nefandum:</span> <span class='ocrx_word' id='word_1_4' title='bbox 684 917 736 983; x_wconf 88' lang='lat' dir='ltr'>sed</span> <span class='ocrx_word' id='word_1_5' title='bbox 769 939 850 981; x_wconf 89' lang='lat' dir='ltr'>nunc</span> <span class='ocrx_word' id='word_1_6' title='bbox 882 918 967 982; x_wconf 90' lang='lat' dir='ltr'>Deus</span> <span class='ocrx_word' id='word_1_7' title='bbox 998 920 1075 983; x_wconf 91' lang='lat' dir='ltr'>mihi</span> <span class='ocrx_word' id='word_1_8' title='bbox 1098 921 1330 986; x_wconf 84' lang='lat' dir='ltr'>serenitatcmc</span> 
     </span>
     <span class='ocr_line' id='line_1_3' title="bbox 323 1033 1331 1125; baseline 0 -22"><span class='ocrx_word' id='word_1_9' title='bbox 323 1046 494 1125; x_wconf 74' lang='lat' dir='ltr'>tempestate</span> <span class='ocrx_word' id='word_1_10' title='bbox 525 1036 683 1101; x_wconf 83' lang='lat' dir='ltr'>donarit.&#39;&#39;</span> <span class='ocrx_word' id='word_1_11' title='bbox 697 1036 721 1120; x_wconf 92' lang='lat'>¹)</span> <span class='ocrx_word' id='word_1_12' title='bbox 767 1033 894 1114; x_wconf 81' lang='lat' dir='ltr'>Quanta</span> <span class='ocrx_word' id='word_1_13' title='bbox 924 1035 1000 1100; x_wconf 88' lang='lat' dir='ltr'>haec</span> <span class='ocrx_word' id='word_1_14' title='bbox 1023 1038 1208 1115; x_wconf 87' lang='lat' dir='ltr'>consolatio,</span> <span class='ocrx_word' id='word_1_15' title='bbox 1234 1039 1331 1123; x_wconf 84' lang='lat' dir='ltr'>potita</span> 
     </span>
     <span class='ocr_line' id='line_1_4' title="bbox 321 1153 1329 1239; baseline 0 -18"><span class='ocrx_word' id='word_1_16' title='bbox 321 1158 354 1222; x_wconf 88' lang='lat' dir='ltr'>de</span> <span class='ocrx_word' id='word_1_17' title='bbox 383 1156 513 1221; x_wconf 88' lang='lat' dir='ltr'>Isthmia</span> <span class='ocrx_word' id='word_1_18' title='bbox 543 1156 669 1219; x_wconf 86' lang='lat' dir='ltr'>victoria</span> <span class='ocrx_word' id='word_1_19' title='bbox 699 1154 732 1218; x_wconf 91' lang='lat' dir='ltr'>in</span> <span class='ocrx_word' id='word_1_20' title='bbox 756 1154 843 1218; x_wconf 90' lang='lat' dir='ltr'>luctu</span> <span class='ocrx_word' id='word_1_21' title='bbox 868 1176 921 1239; x_wconf 86' lang='lat' dir='ltr'>per</span> <span class='ocrx_word' id='word_1_22' title='bbox 945 1153 1061 1219; x_wconf 87' lang='lat' dir='ltr'>bellurn</span> <span class='ocrx_word' id='word_1_23' title='bbox 1086 1155 1198 1221; x_wconf 83' lang='lat' dir='ltr'>illato?</span> <span class='ocrx_word' id='word_1_24' title='bbox 1244 1156 1329 1237; x_wconf 81' lang='lat' dir='ltr'>Quid</span> 
     </span>
     <span class='ocr_line' id='line_1_5' title="bbox 321 1271 1328 1361; baseline 0 -22"><span class='ocrx_word' id='word_1_25' title='bbox 321 1277 416 1361; x_wconf 88' lang='lat' dir='ltr'>potuit</span> <span class='ocrx_word' id='word_1_26' title='bbox 453 1275 606 1340; x_wconf 87' lang='lat' dir='ltr'>amantius</span> <span class='ocrx_word' id='word_1_27' title='bbox 642 1272 756 1337; x_wconf 79' lang='lat' dir='ltr'>scribi?</span> <span class='ocrx_word' id='word_1_28' title='bbox 809 1271 929 1353; x_wconf 83' lang='lat' dir='ltr'>Quodsi</span> <span class='ocrx_word' id='word_1_29' title='bbox 961 1273 1199 1351; x_wconf 79' lang='lat' dir='ltr'>Themistocles,</span> <span class='ocrx_word' id='word_1_30' title='bbox 1233 1297 1328 1359; x_wconf 87' lang='lat' dir='ltr'>quum</span> 
     </span>
    </p>
   </div>
   <div class='ocr_carea' id='block_1_3' title="bbox 321 1391 1330 1493">
    <p class='ocr_par' dir='ltr' id='par_1_3' title="bbox 321 1391 1330 1493">
     <span class='ocr_line' id='line_1_6' title="bbox 321 1391 1330 1493; baseline 0.001 -36"><span class='ocrx_word' id='word_1_31' title='bbox 321 1392 476 1493; x_wconf 78' lang='lat' dir='ltr'><strong>Olympiae</strong></span> <span class='ocrx_word' id='word_1_32' title='bbox 507 1414 578 1457; x_wconf 90' lang='lat' dir='ltr'>eum</span> <span class='ocrx_word' id='word_1_33' title='bbox 601 1391 730 1457; x_wconf 76' lang='lat' dir='ltr'>Graecia</span> <span class='ocrx_word' id='word_1_34' title='bbox 754 1392 913 1477; x_wconf 77' lang='lat' dir='ltr'>plausibus</span> <span class='ocrx_word' id='word_1_35' title='bbox 937 1393 1123 1476; x_wconf 77' lang='lat' dir='ltr'>excepisset,</span> <span class='ocrx_word' id='word_1_36' title='bbox 1148 1416 1272 1458; x_wconf 89' lang='lat' dir='ltr'>snorum</span> <span class='ocrx_word' id='word_1_37' title='bbox 1298 1417 1330 1458; x_wconf 89' lang='lat' dir='ltr'>se</span> 
     </span>
    </p>
   </div>
   <div class='ocr_carea' id='block_1_4' title="bbox 319 1508 1333 2185">
    <p class='ocr_par' dir='ltr' id='par_1_4' title="bbox 319 1508 1333 2185">
     <span class='ocr_line' id='line_1_7' title="bbox 320 1508 1333 1594; baseline 0.001 -19"><span class='ocrx_word' id='word_1_38' title='bbox 320 1511 454 1577; x_wconf 88' lang='lat' dir='ltr'>laborum</span> <span class='ocrx_word' id='word_1_39' title='bbox 487 1508 656 1575; x_wconf 86' lang='lat' dir='ltr'>mercedem</span> <span class='ocrx_word' id='word_1_40' title='bbox 687 1509 799 1574; x_wconf 88' lang='lat' dir='ltr'>habere</span> <span class='ocrx_word' id='word_1_41' title='bbox 830 1509 924 1573; x_wconf 80' lang='lat' dir='ltr'>dixit:</span> <span class='ocrx_word' id='word_1_42' title='bbox 954 1510 1029 1594; x_wconf 90' lang='lat' dir='ltr'>quid</span> <span class='ocrx_word' id='word_1_43' title='bbox 1053 1510 1176 1575; x_wconf 84' lang='lat' dir='ltr'>tandem</span> <span class='ocrx_word' id='word_1_44' title='bbox 1199 1510 1238 1576; x_wconf 89' lang='lat' dir='ltr'>de</span> <span class='ocrx_word' id='word_1_45' title='bbox 1261 1512 1333 1576; x_wconf 88' lang='lat' dir='ltr'>Piu-</span> 
     </span>
     <span class='ocr_line' id='line_1_8' title="bbox 321 1627 1330 1715; baseline -0.002 -20"><span class='ocrx_word' id='word_1_46' title='bbox 321 1629 389 1695; x_wconf 81' lang='lat' dir='ltr'>daro</span> <span class='ocrx_word' id='word_1_47' title='bbox 408 1628 611 1715; x_wconf 85' lang='lat' dir='ltr'>judicandum</span> <span class='ocrx_word' id='word_1_48' title='bbox 636 1635 700 1704; x_wconf 87' lang='lat' dir='ltr'>est,</span> <span class='ocrx_word' id='word_1_49' title='bbox 725 1628 779 1711; x_wconf 90' lang='lat' dir='ltr'>qui</span> <span class='ocrx_word' id='word_1_50' title='bbox 802 1636 931 1691; x_wconf 89' lang='lat' dir='ltr'>mortem</span> <span class='ocrx_word' id='word_1_51' title='bbox 956 1627 1115 1693; x_wconf 77' lang='lat' dir='ltr'>fortissimi</span> <span class='ocrx_word' id='word_1_52' title='bbox 1138 1630 1187 1691; x_wconf 86' lang='lat' dir='ltr'>ari</span> <span class='ocrx_word' id='word_1_53' title='bbox 1210 1631 1330 1714; x_wconf 79' lang='lat' dir='ltr'>nepotis</span> 
     </span>
     <span class='ocr_line' id='line_1_9' title="bbox 320 1745 1331 1832; baseline 0 -21"><span class='ocrx_word' id='word_1_54' title='bbox 320 1749 435 1832; x_wconf 88' lang='lat' dir='ltr'>putarit</span> <span class='ocrx_word' id='word_1_55' title='bbox 471 1746 568 1831; x_wconf 78' lang='lat' dir='ltr'>gloria</span> <span class='ocrx_word' id='word_1_56' title='bbox 601 1747 810 1829; x_wconf 89' lang='lat' dir='ltr'>compensari,</span> <span class='ocrx_word' id='word_1_57' title='bbox 843 1754 873 1809; x_wconf 90' lang='lat' dir='ltr'>et</span> <span class='ocrx_word' id='word_1_58' title='bbox 904 1745 1038 1809; x_wconf 89' lang='lat' dir='ltr'>carmine</span> <span class='ocrx_word' id='word_1_59' title='bbox 1069 1747 1331 1831; x_wconf 82' lang='lat' dir='ltr'>praestantissimo</span> 
     </span>
     <span class='ocr_line' id='line_1_10' title="bbox 320 1863 1329 1947; baseline 0.001 -19"><span class='ocrx_word' id='word_1_60' title='bbox 320 1866 359 1929; x_wconf 86' lang='lat' dir='ltr'>sic</span> <span class='ocrx_word' id='word_1_61' title='bbox 381 1864 468 1929; x_wconf 83' lang='lat' dir='ltr'>dedit</span> <span class='ocrx_word' id='word_1_62' title='bbox 491 1863 613 1947; x_wconf 84' lang='lat' dir='ltr'>utrique</span> <span class='ocrx_word' id='word_1_63' title='bbox 637 1884 798 1927; x_wconf 87' lang='lat' dir='ltr'>commune</span> <span class='ocrx_word' id='word_1_64' title='bbox 821 1863 933 1940; x_wconf 87' lang='lat' dir='ltr'>decus,</span> <span class='ocrx_word' id='word_1_65' title='bbox 958 1872 994 1927; x_wconf 88' lang='lat' dir='ltr'>nt</span> <span class='ocrx_word' id='word_1_66' title='bbox 1017 1866 1103 1947; x_wconf 86' lang='lat' dir='ltr'>quasi</span> <span class='ocrx_word' id='word_1_67' title='bbox 1126 1864 1248 1929; x_wconf 82' lang='lat' dir='ltr'>divinae</span> <span class='ocrx_word' id='word_1_68' title='bbox 1264 1867 1329 1929; x_wconf 85' lang='lat' dir='ltr'>roci</span> 
     </span>
     <span class='ocr_line' id='line_1_11' title="bbox 320 1980 1331 2065; baseline 0 -18"><span class='ocrx_word' id='word_1_69' title='bbox 320 1982 454 2047; x_wconf 84' lang='lat' dir='ltr'>videatur</span> <span class='ocrx_word' id='word_1_70' title='bbox 477 1982 720 2065; x_wconf 71' lang='lat' dir='ltr'>obtemperasse,</span> <span class='ocrx_word' id='word_1_71' title='bbox 746 1980 852 2045; x_wconf 75' lang='lat' dir='ltr'>fortem</span> <span class='ocrx_word' id='word_1_72' title='bbox 873 1982 973 2045; x_wconf 89' lang='lat' dir='ltr'>virum</span> <span class='ocrx_word' id='word_1_73' title='bbox 990 1982 1082 2047; x_wconf 87' lang='lat' dir='ltr'>etiam</span> <span class='ocrx_word' id='word_1_74' title='bbox 1098 1995 1254 2047; x_wconf 87' lang='lat' dir='ltr'>mortuum</span> <span class='ocrx_word' id='word_1_75' title='bbox 1271 1991 1331 2047; x_wconf 89' lang='lat' dir='ltr'>tra-</span> 
     </span>
     <span class='ocr_line' id='line_1_12' title="bbox 319 2099 956 2185; baseline -0.002 -22"><span class='ocrx_word' id='word_1_76' title='bbox 319 2100 384 2165; x_wconf 86' lang='lat' dir='ltr'>dere</span> <span class='ocrx_word' id='word_1_77' title='bbox 409 2101 570 2165; x_wconf 84' lang='lat' dir='ltr'>Musarum</span> <span class='ocrx_word' id='word_1_78' title='bbox 595 2101 763 2185; x_wconf 85' lang='lat' dir='ltr'>praeconiis</span> <span class='ocrx_word' id='word_1_79' title='bbox 785 2099 956 2183; x_wconf 72' lang='lat' dir='ltr'>jubenti.¹)</span> 
     </span>
    </p>
   </div>
   <div class='ocr_carea' id='block_1_5' title="bbox 635 2339 1010 2625">
    <p class='ocr_par' dir='ltr' id='par_1_5' title="bbox 635 2339 1010 2625">
     <span class='ocr_line' id='line_1_13' title="bbox 787 2339 856 2421; baseline 0.029 -22"><span class='ocrx_word' id='word_1_80' title='bbox 787 2339 804 2421; x_wconf 66' lang='lat' dir='ltr'>p</span> <span class='ocrx_word' id='word_1_81' title='bbox 827 2341 856 2401; x_wconf 74' lang='grc'>2.</span> 
     </span>
     <span class='ocr_line' id='line_1_14' title="bbox 635 2545 1010 2625; baseline -0.005 -18"><span class='ocrx_word' id='word_1_82' title='bbox 635 2546 677 2607; x_wconf 83' lang='lat' dir='ltr'>De</span> <span class='ocrx_word' id='word_1_83' title='bbox 698 2545 809 2625; x_wconf 73' lang='lat' dir='ltr'>pictate</span> <span class='ocrx_word' id='word_1_84' title='bbox 831 2566 899 2625; x_wconf 75' lang='lat' dir='ltr'>erpa</span> <span class='ocrx_word' id='word_1_85' title='bbox 925 2546 1010 2607; x_wconf 81' lang='lat' dir='ltr'>Deos.</span> 
     </span>
    </p>
   </div>
   <div class='ocr_carea' id='block_1_6' title="bbox 316 2749 1332 4250">
    <p class='ocr_par' dir='ltr' id='par_1_6' title="bbox 316 2749 1332 4250">
     <span class='ocr_line' id='line_1_15' title="bbox 359 2749 1331 2836; baseline 0.002 -23"><span class='ocrx_word' id='word_1_86' title='bbox 359 2750 518 2814; x_wconf 85' lang='lat' dir='ltr'>Ludorum</span> <span class='ocrx_word' id='word_1_87' title='bbox 551 2749 717 2813; x_wconf 88' lang='lat' dir='ltr'>certamina</span> <span class='ocrx_word' id='word_1_88' title='bbox 748 2772 808 2813; x_wconf 89' lang='lat' dir='ltr'>non</span> <span class='ocrx_word' id='word_1_89' title='bbox 841 2749 970 2813; x_wconf 78' lang='lat' dir='ltr'>dicanda</span> <span class='ocrx_word' id='word_1_90' title='bbox 994 2760 1068 2812; x_wconf 88' lang='lat' dir='ltr'>sunt</span> <span class='ocrx_word' id='word_1_91' title='bbox 1091 2750 1235 2835; x_wconf 89' lang='lat' dir='ltr'>pietatem</span> <span class='ocrx_word' id='word_1_92' title='bbox 1260 2774 1331 2836; x_wconf 81' lang='lat' dir='ltr'>erga</span> 
     </span>
     <span class='ocr_line' id='line_1_16' title="bbox 319 2866 1331 2954; baseline 0.004 -25"><span class='ocrx_word' id='word_1_93' title='bbox 319 2866 394 2929; x_wconf 84' lang='lat' dir='ltr'>Deos</span> <span class='ocrx_word' id='word_1_94' title='bbox 418 2868 477 2931; x_wconf 88' lang='lat' dir='ltr'>sibi</span> <span class='ocrx_word' id='word_1_95' title='bbox 502 2866 645 2931; x_wconf 87' lang='lat' dir='ltr'>habuisse</span> <span class='ocrx_word' id='word_1_96' title='bbox 669 2868 880 2950; x_wconf 85' lang='lat' dir='ltr'>conjunctam,</span> <span class='ocrx_word' id='word_1_97' title='bbox 910 2866 963 2930; x_wconf 88' lang='lat' dir='ltr'>sed</span> <span class='ocrx_word' id='word_1_98' title='bbox 989 2868 1092 2952; x_wconf 84' lang='lat' dir='ltr'>potius</span> <span class='ocrx_word' id='word_1_99' title='bbox 1115 2890 1193 2951; x_wconf 89' lang='lat' dir='ltr'>quae</span> <span class='ocrx_word' id='word_1_100' title='bbox 1217 2879 1331 2954; x_wconf 87' lang='lat' dir='ltr'>specta-</span> 
     </span>
     <span class='ocr_line' id='line_1_17' title="bbox 317 2983 1329 3068; baseline 0.004 -22"><span class='ocrx_word' id='word_1_101' title='bbox 317 2983 403 3049; x_wconf 88' lang='lat' dir='ltr'>batur</span> <span class='ocrx_word' id='word_1_102' title='bbox 439 2986 482 3049; x_wconf 92' lang='lat' dir='ltr'>ibi</span> <span class='ocrx_word' id='word_1_103' title='bbox 517 2986 583 3048; x_wconf 86' lang='lat' dir='ltr'>laus</span> <span class='ocrx_word' id='word_1_104' title='bbox 619 2984 826 3060; x_wconf 81' lang='lat' dir='ltr'>fortitudinis,</span> <span class='ocrx_word' id='word_1_105' title='bbox 860 2985 926 3067; x_wconf 82' lang='lat' dir='ltr'>ipsa</span> <span class='ocrx_word' id='word_1_106' title='bbox 958 2985 1071 3068; x_wconf 81' lang='lat' dir='ltr'>pietate</span> <span class='ocrx_word' id='word_1_107' title='bbox 1097 2987 1329 3051; x_wconf 85' lang='lat' dir='ltr'>continebatur:</span> 
     </span>
     <span class='ocr_line' id='line_1_18' title="bbox 317 3102 1330 3187; baseline 0.006 -24"><span class='ocrx_word' id='word_1_108' title='bbox 317 3102 412 3187; x_wconf 86' lang='lat' dir='ltr'>ipsum</span> <span class='ocrx_word' id='word_1_109' title='bbox 447 3102 526 3165; x_wconf 90' lang='lat' dir='ltr'>enim</span> <span class='ocrx_word' id='word_1_110' title='bbox 560 3110 674 3167; x_wconf 87' lang='lat' dir='ltr'>certare</span> <span class='ocrx_word' id='word_1_111' title='bbox 698 3110 761 3165; x_wconf 89' lang='lat' dir='ltr'>erat</span> <span class='ocrx_word' id='word_1_112' title='bbox 787 3102 884 3165; x_wconf 89' lang='lat' dir='ltr'>Deum</span> <span class='ocrx_word' id='word_1_113' title='bbox 910 3102 1027 3179; x_wconf 81' lang='lat' dir='ltr'>coiere3</span> <span class='ocrx_word' id='word_1_114' title='bbox 1061 3127 1130 3167; x_wconf 87' lang='lat' dir='ltr'>narn</span> <span class='ocrx_word' id='word_1_115' title='bbox 1155 3118 1240 3169; x_wconf 83' lang='lat' dir='ltr'>erant</span> <span class='ocrx_word' id='word_1_116' title='bbox 1265 3106 1330 3169; x_wconf 85' lang='lat' dir='ltr'>ludi</span> 
     </span>
     <span class='ocr_line' id='line_1_19' title="bbox 318 3218 1330 3305; baseline 0.007 -25"><span class='ocrx_word' id='word_1_117' title='bbox 318 3218 472 3297; x_wconf 88' lang='lat' dir='ltr'>Deorum,</span> <span class='ocrx_word' id='word_1_118' title='bbox 509 3242 594 3283; x_wconf 84' lang='lat' dir='ltr'>sacra</span> <span class='ocrx_word' id='word_1_119' title='bbox 628 3220 744 3297; x_wconf 86' lang='lat' dir='ltr'>stadia,</span> <span class='ocrx_word' id='word_1_120' title='bbox 782 3222 916 3305; x_wconf 83' lang='lat' dir='ltr'>ipsorum</span> <span class='ocrx_word' id='word_1_121' title='bbox 954 3222 1170 3285; x_wconf 82' lang='lat' dir='ltr'>sacrificiorum</span> <span class='ocrx_word' id='word_1_122' title='bbox 1207 3222 1330 3287; x_wconf 84' lang='lat' dir='ltr'>divinus</span> 
     </span>
     <span class='ocr_line' id='line_1_20' title="bbox 318 3334 1332 3422; baseline 0.006 -24"><span class='ocrx_word' id='word_1_123' title='bbox 318 3334 410 3402; x_wconf 85' lang='lat' dir='ltr'>honos</span> <span class='ocrx_word' id='word_1_124' title='bbox 445 3336 588 3401; x_wconf 90' lang='lat' dir='ltr'>ludorum</span> <span class='ocrx_word' id='word_1_125' title='bbox 621 3360 699 3422; x_wconf 88' lang='lat' dir='ltr'>pars.</span> <span class='ocrx_word' id='word_1_126' title='bbox 749 3338 842 3402; x_wconf 89' lang='lat' dir='ltr'>Velut</span> <span class='ocrx_word' id='word_1_127' title='bbox 870 3336 1048 3422; x_wconf 77' lang='lat' dir='ltr'>Olympium</span> <span class='ocrx_word' id='word_1_128' title='bbox 1079 3348 1230 3404; x_wconf 67' lang='lat' dir='ltr'>conamen</span> <span class='ocrx_word' id='word_1_129' title='bbox 1257 3340 1332 3404; x_wconf 89' lang='lat' dir='ltr'>Her-</span> 
     </span>
     <span class='ocr_line' id='line_1_21' title="bbox 317 3454 1329 3539; baseline 0.005 -23"><span class='ocrx_word' id='word_1_130' title='bbox 317 3454 415 3531; x_wconf 78' lang='lat' dir='ltr'>cules,</span> <span class='ocrx_word' id='word_1_131' title='bbox 450 3455 598 3539; x_wconf 88' lang='lat' dir='ltr'>primitias</span> <span class='ocrx_word' id='word_1_132' title='bbox 632 3454 773 3519; x_wconf 87' lang='lat' dir='ltr'>victoriae</span> <span class='ocrx_word' id='word_1_133' title='bbox 805 3478 899 3539; x_wconf 88' lang='lat' dir='ltr'>quum</span> <span class='ocrx_word' id='word_1_134' title='bbox 932 3456 1058 3520; x_wconf 79' lang='lat' dir='ltr'>referret</span> <span class='ocrx_word' id='word_1_135' title='bbox 1086 3456 1125 3520; x_wconf 89' lang='lat' dir='ltr'>ad</span> <span class='ocrx_word' id='word_1_136' title='bbox 1147 3458 1274 3535; x_wconf 85' lang='lat' dir='ltr'>Jorem,</span> <span class='ocrx_word' id='word_1_137' title='bbox 1299 3460 1329 3522; x_wconf 92' lang='lat' dir='ltr'>in</span> 
     </span>
     <span class='ocr_line' id='line_1_22' title="bbox 317 3573 1331 3660; baseline 0.006 -26"><span class='ocrx_word' id='word_1_138' title='bbox 317 3573 377 3655; x_wconf 85' lang='lat' dir='ltr'>ejus</span> <span class='ocrx_word' id='word_1_139' title='bbox 402 3573 550 3637; x_wconf 88' lang='lat' dir='ltr'>honorem</span> <span class='ocrx_word' id='word_1_140' title='bbox 575 3580 754 3658; x_wconf 89' lang='lat' dir='ltr'>perpetuum</span> <span class='ocrx_word' id='word_1_141' title='bbox 781 3574 935 3651; x_wconf 89' lang='lat' dir='ltr'>institnit,</span> <span class='ocrx_word' id='word_1_142' title='bbox 960 3582 1122 3660; x_wconf 87' lang='lat' dir='ltr'>totumque</span> <span class='ocrx_word' id='word_1_143' title='bbox 1145 3577 1331 3640; x_wconf 86' lang='lat' dir='ltr'>consecrarit</span> 
     </span>
     <span class='ocr_line' id='line_1_23' title="bbox 316 3688 1330 3779; baseline 0.004 -28"><span class='ocrx_word' id='word_1_144' title='bbox 316 3688 351 3752; x_wconf 90' lang='lat' dir='ltr'>ad</span> <span class='ocrx_word' id='word_1_145' title='bbox 383 3688 537 3774; x_wconf 79' lang='lat' dir='ltr'>Alpheum</span> <span class='ocrx_word' id='word_1_146' title='bbox 570 3690 722 3773; x_wconf 55' lang='lat' dir='ltr'>meumst)</span> <span class='ocrx_word' id='word_1_147' title='bbox 769 3690 851 3775; x_wconf 75' lang='lat' dir='ltr'>Ergo</span> <span class='ocrx_word' id='word_1_148' title='bbox 883 3700 1052 3777; x_wconf 87' lang='lat' dir='ltr'>spectatum</span> <span class='ocrx_word' id='word_1_149' title='bbox 1082 3694 1184 3757; x_wconf 86' lang='lat' dir='ltr'>venire</span> <span class='ocrx_word' id='word_1_150' title='bbox 1208 3696 1330 3779; x_wconf 86' lang='lat' dir='ltr'>pietatis</span> 
     </span>
     <span class='ocr_line' id='line_1_24' title="bbox 316 3806 1331 3893; baseline 0.008 -24"><span class='ocrx_word' id='word_1_151' title='bbox 316 3818 385 3871; x_wconf 85' lang='lat' dir='ltr'>erat.</span> <span class='ocrx_word' id='word_1_152' title='bbox 424 3806 563 3871; x_wconf 77' lang='lat' dir='ltr'>Socrates</span> <span class='ocrx_word' id='word_1_153' title='bbox 587 3808 640 3872; x_wconf 91' lang='lat' dir='ltr'>ille</span> <span class='ocrx_word' id='word_1_154' title='bbox 663 3820 784 3893; x_wconf 88' lang='lat' dir='ltr'>praeter</span> <span class='ocrx_word' id='word_1_155' title='bbox 806 3810 948 3874; x_wconf 90' lang='lat' dir='ltr'>militiam</span> <span class='ocrx_word' id='word_1_156' title='bbox 973 3812 1066 3874; x_wconf 83' lang='lat' dir='ltr'>semel</span> <span class='ocrx_word' id='word_1_157' title='bbox 1086 3812 1216 3876; x_wconf 81' lang='lat' dir='ltr'>Athenis</span> <span class='ocrx_word' id='word_1_158' title='bbox 1233 3838 1264 3877; x_wconf 91' lang='lat' dir='ltr'>se</span> <span class='ocrx_word' id='word_1_159' title='bbox 1280 3814 1331 3878; x_wconf 82' lang='lat' dir='ltr'>ab</span> 
     </span>
     <span class='ocr_line' id='line_1_25' title="bbox 317 3925 1330 4011; baseline 0.006 -23"><span class='ocrx_word' id='word_1_160' title='bbox 317 3925 407 3990; x_wconf 88' lang='lat' dir='ltr'>fnisse</span> <span class='ocrx_word' id='word_1_161' title='bbox 423 3927 567 4004; x_wconf 86' lang='lat' dir='ltr'>affirmat,</span> <span class='ocrx_word' id='word_1_162' title='bbox 586 3937 622 3989; x_wconf 90' lang='lat' dir='ltr'>ut</span> <span class='ocrx_word' id='word_1_163' title='bbox 641 3926 780 3991; x_wconf 89' lang='lat' dir='ltr'>Isthmiis</span> <span class='ocrx_word' id='word_1_164' title='bbox 796 3928 966 3993; x_wconf 83' lang='lat' dir='ltr'>interesset.</span> <span class='ocrx_word' id='word_1_165' title='bbox 980 3931 1007 4011; x_wconf 81' lang='lat'>⁴)</span> <span class='ocrx_word' id='word_1_166' title='bbox 1038 3928 1162 3994; x_wconf 84' lang='lat' dir='ltr'>Cartare</span> <span class='ocrx_word' id='word_1_167' title='bbox 1179 3953 1249 3994; x_wconf 85' lang='lat' dir='ltr'>vero</span> <span class='ocrx_word' id='word_1_168' title='bbox 1266 3944 1330 3995; x_wconf 87' lang='lat' dir='ltr'>erat</span> 
     </span>
     <span class='ocr_line' id='line_1_26' title="bbox 316 4044 1329 4133; baseline 0.008 -28"><span class='ocrx_word' id='word_1_169' title='bbox 316 4064 422 4108; x_wconf 89' lang='lat' dir='ltr'>ornare</span> <span class='ocrx_word' id='word_1_170' title='bbox 444 4044 536 4109; x_wconf 86' lang='lat' dir='ltr'>Deos.</span> <span class='ocrx_word' id='word_1_171' title='bbox 569 4044 763 4111; x_wconf 83' lang='lat' dir='ltr'>Carminibus</span> <span class='ocrx_word' id='word_1_172' title='bbox 786 4069 857 4130; x_wconf 87' lang='lat' dir='ltr'>ergo</span> <span class='ocrx_word' id='word_1_173' title='bbox 873 4046 928 4111; x_wconf 89' lang='lat' dir='ltr'>illa</span> <span class='ocrx_word' id='word_1_174' title='bbox 944 4048 1110 4111; x_wconf 86' lang='lat' dir='ltr'>certamina</span> <span class='ocrx_word' id='word_1_175' title='bbox 1125 4049 1329 4133; x_wconf 90' lang='lat' dir='ltr'>praedicando</span> 
     </span>
     <span class='ocr_line' id='line_1_27' title="bbox 317 4160 1272 4250; baseline 0.009 -29"><span class='ocrx_word' id='word_1_176' title='bbox 317 4160 467 4225; x_wconf 85' lang='lat' dir='ltr'>Pindarus</span> <span class='ocrx_word' id='word_1_177' title='bbox 492 4162 522 4225; x_wconf 91' lang='lat' dir='ltr'>in</span> <span class='ocrx_word' id='word_1_178' title='bbox 546 4162 613 4247; x_wconf 87' lang='lat' dir='ltr'>ipsa</span> <span class='ocrx_word' id='word_1_179' title='bbox 637 4163 786 4227; x_wconf 83' lang='lat' dir='ltr'>sumenda</span> <span class='ocrx_word' id='word_1_180' title='bbox 809 4162 939 4228; x_wconf 81' lang='lat' dir='ltr'>canendi</span> <span class='ocrx_word' id='word_1_181' title='bbox 962 4165 1089 4228; x_wconf 88' lang='lat' dir='ltr'>materia</span> <span class='ocrx_word' id='word_1_182' title='bbox 1111 4165 1181 4250; x_wconf 90' lang='lat' dir='ltr'>pius</span> <span class='ocrx_word' id='word_1_183' title='bbox 1205 4166 1272 4230; x_wconf 83' lang='lat' dir='ltr'>fuir.</span> 
     </span>
    </p>
   </div>
   <div class='ocr_carea' id='block_1_7' title="bbox 352 4402 1084 4563">
    <p class='ocr_par' dir='ltr' id='par_1_7' title="bbox 352 4402 1084 4563">
     <span class='ocr_line' id='line_1_28' title="bbox 353 4402 1043 4467; baseline 0.004 -16"><span class='ocrx_word' id='word_1_184' title='bbox 353 4403 376 4463; x_wconf 87' lang='lat' dir='ltr'>l)</span> <span class='ocrx_word' id='word_1_185' title='bbox 393 4404 453 4453; x_wconf 77' lang='lat' dir='ltr'>nrt.</span> <span class='ocrx_word' id='word_1_186' title='bbox 474 4404 529 4453; x_wconf 83' lang='lat' dir='ltr'><em>VII.</em></span> <span class='ocrx_word' id='word_1_187' title='bbox 548 4402 588 4463; x_wconf 76' lang='grc'>87,</span> <span class='ocrx_word' id='word_1_188' title='bbox 605 4418 669 4467; x_wconf 77' lang='lat' dir='ltr'>seqq.</span> <span class='ocrx_word' id='word_1_189' title='bbox 771 4404 798 4465; x_wconf 68' lang='grc' dir='ltr'>Β)</span> <span class='ocrx_word' id='word_1_190' title='bbox 815 4404 874 4455; x_wconf 74' lang='lat' dir='ltr'>tert.</span> <span class='ocrx_word' id='word_1_191' title='bbox 897 4406 968 4454; x_wconf 80' lang='lat' dir='ltr'><em>VIII.</em></span> <span class='ocrx_word' id='word_1_192' title='bbox 988 4405 1043 4455; x_wconf 78' lang='lat' dir='ltr'>tal.</span> 
     </span>
     <span class='ocr_line' id='line_1_29' title="bbox 352 4498 1084 4563; baseline 0.001 -14"><span class='ocrx_word' id='word_1_193' title='bbox 352 4500 377 4557; x_wconf 77' lang='grc'>3)</span> <span class='ocrx_word' id='word_1_194' title='bbox 397 4500 434 4551; x_wconf 85' lang='lat'>01.</span> <span class='ocrx_word' id='word_1_195' title='bbox 451 4498 480 4549; x_wconf 78' lang='grc' dir='ltr'>Χ.</span> <span class='ocrx_word' id='word_1_196' title='bbox 499 4498 544 4557; x_wconf 72' lang='grc'>58,</span> <span class='ocrx_word' id='word_1_197' title='bbox 561 4514 621 4563; x_wconf 77' lang='lat' dir='ltr'>seqq.</span> <span class='ocrx_word' id='word_1_198' title='bbox 770 4500 796 4560; x_wconf 72' lang='grc'>4)</span> <span class='ocrx_word' id='word_1_199' title='bbox 813 4500 897 4558; x_wconf 75' lang='lat' dir='ltr'>Rata,</span> <span class='ocrx_word' id='word_1_200' title='bbox 917 4500 969 4549; x_wconf 64' lang='grc' dir='ltr'><strong>Μ</strong></span> <span class='ocrx_word' id='word_1_201' title='bbox 995 4500 1036 4552; x_wconf 79' lang='lat' dir='ltr'>tr,</span> <span class='ocrx_word' id='word_1_202' title='bbox 1054 4501 1084 4551; x_wconf 84' lang='lat' dir='ltr'>B.</span> 
     </span>
    </p>
   </div>
   <div class='ocr_carea' id='block_1_8' title="bbox 0 0 1868 5542">
    <p class='ocr_par' dir='ltr' id='par_1_8' title="bbox 0 0 1868 5542">
     <span class='ocr_line' id='line_1_30' title="bbox 0 0 1868 5542; baseline 0 2"><span class='ocrx_word' id='word_1_203' title='bbox 0 0 1868 5542; x_wconf 95' lang='lat' dir='ltr'> </span> 
     </span>
    </p>
   </div>
  </div>
 </body>
</html>
