<?xml version="1.0" encoding="UTF-8"?>
<!DOCTYPE html PUBLIC "-//W3C//DTD XHTML 1.0 Transitional//EN"
    "http://www.w3.org/TR/xhtml1/DTD/xhtml1-transitional.dtd">
<html xmlns="http://www.w3.org/1999/xhtml" xml:lang="en" lang="en">
 <head>
  <title>
</title>
<meta http-equiv="Content-Type" content="text/html;charset=utf-8" />
  <meta name='ocr-system' content='tesseract 3.04.00' />
  <meta name='ocr-capabilities' content='ocr_page ocr_carea ocr_par ocr_line ocrx_word'/>
</head>
<body>
  <div class='ocr_page' id='page_1' title='image "./pindaricarminao01pindgoog_0262.png"; bbox 0 0 3725 5542; ppageno 0'>
   <div class='ocr_carea' id='block_1_1' title="bbox 937 690 1001 750">
    <p class='ocr_par' dir='ltr' id='par_1_1' title="bbox 937 690 1001 750">
     <span class='ocr_line' id='line_1_1' title="bbox 937 690 1001 750; baseline 0.016 -1"><span class='ocrx_word' id='word_1_1' title='bbox 937 690 1001 750; x_wconf 79' lang='lat'><strong>248</strong></span> 
     </span>
    </p>
   </div>
   <div class='ocr_carea' id='block_1_2' title="bbox 394 887 1476 975">
    <p class='ocr_par' dir='ltr' id='par_1_2' title="bbox 394 887 1476 975">
     <span class='ocr_line' id='line_1_2' title="bbox 394 887 1476 975; baseline -0.004 -20"><span class='ocrx_word' id='word_1_2' title='bbox 394 900 434 957; x_wconf 71' lang='lat'><strong>20</strong></span> <span class='ocrx_word' id='word_1_3' title='bbox 460 896 602 958; x_wconf 81' lang='lat' dir='ltr'><strong>irretorte</strong></span> <span class='ocrx_word' id='word_1_4' title='bbox 626 916 722 957; x_wconf 84' lang='lat' dir='ltr'><strong>meam</strong></span> <span class='ocrx_word' id='word_1_5' title='bbox 748 892 882 975; x_wconf 83' lang='lat' dir='ltr'>linguam</span> <span class='ocrx_word' id='word_1_6' title='bbox 909 890 1019 953; x_wconf 83' lang='lat' dir='ltr'><strong>excitat</strong></span> <span class='ocrx_word' id='word_1_7' title='bbox 1046 887 1083 951; x_wconf 85' lang='lat' dir='ltr'><strong>ad</strong></span> <span class='ocrx_word' id='word_1_8' title='bbox 1108 889 1315 972; x_wconf 87' lang='lat' dir='ltr'><strong>loquendum,</strong></span> <span class='ocrx_word' id='word_1_9' title='bbox 1340 903 1371 952; x_wconf 86' lang='lat' dir='ltr'><strong>et</strong></span> <span class='ocrx_word' id='word_1_10' title='bbox 1393 890 1476 953; x_wconf 82' lang='lat' dir='ltr'><strong>inex·</strong></span> 
     </span>
    </p>
   </div>
   <div class='ocr_carea' id='block_1_3' title="bbox 460 1006 1472 1098">
    <p class='ocr_par' dir='ltr' id='par_1_3' title="bbox 460 1006 1472 1098">
     <span class='ocr_line' id='line_1_3' title="bbox 460 1006 1472 1098; baseline -0.01 -19"><span class='ocrx_word' id='word_1_11' title='bbox 460 1013 626 1098; x_wconf 80' lang='lat' dir='ltr'><strong>pugnabile</strong></span> <span class='ocrx_word' id='word_1_12' title='bbox 658 1034 736 1097; x_wconf 90' lang='lat' dir='ltr'><strong>opus</strong></span> <span class='ocrx_word' id='word_1_13' title='bbox 767 1020 813 1074; x_wconf 88' lang='lat' dir='ltr'><strong>est</strong></span> <span class='ocrx_word' id='word_1_14' title='bbox 845 1032 960 1073; x_wconf 88' lang='lat' dir='ltr'><strong>morem</strong></span> <span class='ocrx_word' id='word_1_15' title='bbox 993 1008 1132 1073; x_wconf 83' lang='lat' dir='ltr'>occulere</span> <span class='ocrx_word' id='word_1_16' title='bbox 1162 1010 1301 1073; x_wconf 88' lang='lat' dir='ltr'><strong>insitum.</strong></span> <span class='ocrx_word' id='word_1_17' title='bbox 1358 1006 1472 1083; x_wconf 82' lang='lat' dir='ltr'>Vobis,</span> 
     </span>
    </p>
   </div>
   <div class='ocr_carea' id='block_1_4' title="bbox 379 1127 1476 2991">
    <p class='ocr_par' dir='ltr' id='par_1_4' title="bbox 379 1127 1476 2991">
     <span class='ocr_line' id='line_1_4' title="bbox 460 1127 1476 1210; baseline -0.006 -15"><span class='ocrx_word' id='word_1_18' title='bbox 460 1133 516 1196; x_wconf 88' lang='lat' dir='ltr'><strong>filii</strong></span> <span class='ocrx_word' id='word_1_19' title='bbox 541 1132 665 1208; x_wconf 82' lang='lat' dir='ltr'><strong>hletae,</strong></span> <span class='ocrx_word' id='word_1_20' title='bbox 698 1130 796 1193; x_wconf 85' lang='lat' dir='ltr'><strong>multa</strong></span> <span class='ocrx_word' id='word_1_21' title='bbox 822 1128 1016 1192; x_wconf 86' lang='lat' dir='ltr'><strong>victoriarum</strong></span> <span class='ocrx_word' id='word_1_22' title='bbox 1042 1128 1153 1190; x_wconf 87' lang='lat' dir='ltr'><strong>decora</strong></span> <span class='ocrx_word' id='word_1_23' title='bbox 1175 1127 1346 1204; x_wconf 86' lang='lat' dir='ltr'><strong>dederunt,</strong></span> <span class='ocrx_word' id='word_1_24' title='bbox 1379 1148 1476 1210; x_wconf 90' lang='lat' dir='ltr'><strong>quum</strong></span> 
     </span>
     <span class='ocr_line' id='line_1_5' title="bbox 459 1244 1472 1330; baseline -0.003 -19"><span class='ocrx_word' id='word_1_25' title='bbox 459 1270 579 1311; x_wconf 85' lang='lat' dir='ltr'><strong>summa</strong></span> <span class='ocrx_word' id='word_1_26' title='bbox 609 1245 798 1309; x_wconf 87' lang='lat' dir='ltr'><strong>fortidudine</strong></span> <span class='ocrx_word' id='word_1_27' title='bbox 830 1245 1015 1330; x_wconf 88' lang='lat' dir='ltr'><strong>superaretis</strong></span> <span class='ocrx_word' id='word_1_28' title='bbox 1046 1244 1140 1308; x_wconf 87' lang='lat' dir='ltr'><strong>sacris</strong></span> <span class='ocrx_word' id='word_1_29' title='bbox 1172 1245 1205 1311; x_wconf 92' lang='lat' dir='ltr'><strong>in</strong></span> <span class='ocrx_word' id='word_1_30' title='bbox 1236 1246 1472 1323; x_wconf 83' lang='lat' dir='ltr'><strong>certaminibus,</strong></span> 
     </span>
     <span class='ocr_line' id='line_1_6' title="bbox 459 1362 1476 1449; baseline -0.004 -19"><span class='ocrx_word' id='word_1_31' title='bbox 459 1367 556 1430; x_wconf 87' lang='lat' dir='ltr'><strong>multa</strong></span> <span class='ocrx_word' id='word_1_32' title='bbox 589 1366 722 1429; x_wconf 85' lang='lat' dir='ltr'><strong>virorum</strong></span> <span class='ocrx_word' id='word_1_33' title='bbox 754 1363 929 1449; x_wconf 88' lang='lat' dir='ltr'><strong>pectoribus</strong></span> <span class='ocrx_word' id='word_1_34' title='bbox 954 1363 1127 1447; x_wconf 86' lang='lat' dir='ltr'><strong>injecerunt</strong></span> <span class='ocrx_word' id='word_1_35' title='bbox 1152 1362 1254 1427; x_wconf 89' lang='lat' dir='ltr'><strong>Horae</strong></span> <span class='ocrx_word' id='word_1_36' title='bbox 1272 1364 1399 1429; x_wconf 77' lang='lat' dir='ltr'><strong>floridae</strong></span> <span class='ocrx_word' id='word_1_37' title='bbox 1428 1386 1476 1426; x_wconf 88' lang='lat' dir='ltr'><strong>ve·</strong></span> 
     </span>
     <span class='ocr_line' id='line_1_7' title="bbox 458 1480 1473 1567; baseline -0.002 -20"><span class='ocrx_word' id='word_1_38' title='bbox 458 1485 530 1547; x_wconf 90' lang='lat' dir='ltr'><strong>teris</strong></span> <span class='ocrx_word' id='word_1_39' title='bbox 561 1485 687 1547; x_wconf 90' lang='lat' dir='ltr'><strong>inventa</strong></span> <span class='ocrx_word' id='word_1_40' title='bbox 716 1482 895 1567; x_wconf 85' lang='lat' dir='ltr'><strong>sapientiae.</strong></span> <span class='ocrx_word' id='word_1_41' title='bbox 943 1480 1083 1559; x_wconf 84' lang='lat' dir='ltr'>Quodvis</span> <span class='ocrx_word' id='word_1_42' title='bbox 1115 1503 1193 1565; x_wconf 91' lang='lat' dir='ltr'><strong>opus</strong></span> <span class='ocrx_word' id='word_1_43' title='bbox 1225 1481 1394 1545; x_wconf 88' lang='lat' dir='ltr'><strong>inventoris</strong></span> <span class='ocrx_word' id='word_1_44' title='bbox 1417 1492 1473 1545; x_wconf 89' lang='lat' dir='ltr'><strong>est.</strong></span> 
     </span>
     <span class='ocr_line' id='line_1_8' title="bbox 459 1599 1474 1686; baseline -0.002 -20"><span class='ocrx_word' id='word_1_45' title='bbox 459 1602 573 1666; x_wconf 90' lang='lat' dir='ltr'><strong>Bacchi</strong></span> <span class='ocrx_word' id='word_1_46' title='bbox 611 1601 693 1666; x_wconf 89' lang='lat' dir='ltr'><strong>unde</strong></span> <span class='ocrx_word' id='word_1_47' title='bbox 731 1608 944 1686; x_wconf 87' lang='lat' dir='ltr'><strong>apparuerunt</strong></span> <span class='ocrx_word' id='word_1_48' title='bbox 982 1621 1053 1663; x_wconf 91' lang='lat' dir='ltr'><strong>cum</strong></span> <span class='ocrx_word' id='word_1_49' title='bbox 1091 1599 1243 1663; x_wconf 89' lang='lat' dir='ltr'><strong>clarisono</strong></span> <span class='ocrx_word' id='word_1_50' title='bbox 1279 1600 1474 1685; x_wconf 80' lang='lat' dir='ltr'><strong>dithyrambo</strong></span> 
     </span>
     <span class='ocr_line' id='line_1_9' title="bbox 459 1717 1473 1799; baseline -0.001 -16"><span class='ocrx_word' id='word_1_51' title='bbox 459 1719 607 1783; x_wconf 80' lang='lat' dir='ltr'><strong>Gratiae?</strong></span> <span class='ocrx_word' id='word_1_52' title='bbox 641 1718 721 1799; x_wconf 79' lang='lat' dir='ltr'><strong>Quis</strong></span> <span class='ocrx_word' id='word_1_53' title='bbox 739 1719 820 1783; x_wconf 90' lang='lat' dir='ltr'><strong>euim</strong></span> <span class='ocrx_word' id='word_1_54' title='bbox 838 1720 869 1782; x_wconf 92' lang='lat' dir='ltr'><strong>in</strong></span> <span class='ocrx_word' id='word_1_55' title='bbox 886 1717 1048 1782; x_wconf 89' lang='lat' dir='ltr'><strong>curulibus</strong></span> <span class='ocrx_word' id='word_1_56' title='bbox 1063 1718 1279 1782; x_wconf 79' lang='lat' dir='ltr'><strong>instrumentis</strong></span> <span class='ocrx_word' id='word_1_57' title='bbox 1295 1741 1473 1796; x_wconf 83' lang='lat' dir='ltr'><strong>mensures,</strong></span> 
     </span>
     <span class='ocr_line' id='line_1_10' title="bbox 379 1836 1472 1923; baseline -0.001 -22"><span class='ocrx_word' id='word_1_58' title='bbox 379 1844 420 1901; x_wconf 61' lang='lat' dir='ltr'><strong>:lb</strong></span> <span class='ocrx_word' id='word_1_59' title='bbox 457 1839 505 1902; x_wconf 89' lang='lat' dir='ltr'><strong>vel</strong></span> <span class='ocrx_word' id='word_1_60' title='bbox 528 1838 664 1902; x_wconf 81' lang='lat' dir='ltr'>Deorum</span> <span class='ocrx_word' id='word_1_61' title='bbox 688 1838 812 1922; x_wconf 88' lang='lat' dir='ltr'><strong>templis</strong></span> <span class='ocrx_word' id='word_1_62' title='bbox 836 1838 939 1901; x_wconf 86' lang='lat' dir='ltr'><strong>avium</strong></span> <span class='ocrx_word' id='word_1_63' title='bbox 962 1860 1066 1922; x_wconf 84' lang='lat' dir='ltr'><strong>regem</strong></span> <span class='ocrx_word' id='word_1_64' title='bbox 1089 1836 1244 1923; x_wconf 83' lang='lat' dir='ltr'><strong>duplicem</strong></span> <span class='ocrx_word' id='word_1_65' title='bbox 1273 1838 1400 1922; x_wconf 82' lang='lat' dir='ltr'><strong>posuit?</strong></span> <span class='ocrx_word' id='word_1_66' title='bbox 1434 1838 1472 1900; x_wconf 93' lang='lat' dir='ltr'><strong>Iu</strong></span> 
     </span>
     <span class='ocr_line' id='line_1_11' title="bbox 456 1954 1474 2039; baseline -0.002 -19"><span class='ocrx_word' id='word_1_67' title='bbox 456 1956 518 2020; x_wconf 91' lang='lat' dir='ltr'><strong>illis</strong></span> <span class='ocrx_word' id='word_1_68' title='bbox 550 1955 642 2019; x_wconf 83' lang='lat' dir='ltr'><strong>Musa</strong></span> <span class='ocrx_word' id='word_1_69' title='bbox 672 1954 763 2019; x_wconf 88' lang='lat' dir='ltr'><strong>dulce</strong></span> <span class='ocrx_word' id='word_1_70' title='bbox 795 1956 932 2039; x_wconf 86' lang='lat' dir='ltr'><strong>spirans,</strong></span> <span class='ocrx_word' id='word_1_71' title='bbox 965 1956 998 2019; x_wconf 91' lang='lat' dir='ltr'><strong>in</strong></span> <span class='ocrx_word' id='word_1_72' title='bbox 1029 1955 1092 2018; x_wconf 91' lang='lat' dir='ltr'><strong>illis</strong></span> <span class='ocrx_word' id='word_1_73' title='bbox 1123 1955 1208 2018; x_wconf 89' lang='lat' dir='ltr'><strong>Mars</strong></span> <span class='ocrx_word' id='word_1_74' title='bbox 1236 1956 1323 2020; x_wconf 88' lang='lat' dir='ltr'><strong>floret</strong></span> <span class='ocrx_word' id='word_1_75' title='bbox 1348 1956 1474 2021; x_wconf 79' lang='lat' dir='ltr'><strong>letiferis</strong></span> 
     </span>
     <span class='ocr_line' id='line_1_12' title="bbox 453 2073 1474 2162; baseline 0.001 -23"><span class='ocrx_word' id='word_1_76' title='bbox 453 2078 603 2162; x_wconf 88' lang='lat' dir='ltr'><strong>juvenum</strong></span> <span class='ocrx_word' id='word_1_77' title='bbox 627 2074 734 2138; x_wconf 88' lang='lat' dir='ltr'><strong>hastis.</strong></span> <span class='ocrx_word' id='word_1_78' title='bbox 782 2075 924 2151; x_wconf 87' lang='lat' dir='ltr'><strong>Summe,</strong></span> <span class='ocrx_word' id='word_1_79' title='bbox 952 2075 1006 2157; x_wconf 92' lang='lat' dir='ltr'><strong>qui</strong></span> <span class='ocrx_word' id='word_1_80' title='bbox 1029 2074 1091 2138; x_wconf 86' lang='lat' dir='ltr'><strong>late</strong></span> <span class='ocrx_word' id='word_1_81' title='bbox 1114 2075 1195 2160; x_wconf 80' lang='lat' dir='ltr'><strong>regis</strong></span> <span class='ocrx_word' id='word_1_82' title='bbox 1215 2073 1408 2160; x_wconf 77' lang='lat' dir='ltr'><strong>Olympiam,</strong></span> <span class='ocrx_word' id='word_1_83' title='bbox 1432 2076 1474 2140; x_wconf 86' lang='lat' dir='ltr'><strong>sis</strong></span> 
     </span>
     <span class='ocr_line' id='line_1_13' title="bbox 457 2194 1474 2279; baseline -0.002 -20"><span class='ocrx_word' id='word_1_84' title='bbox 457 2196 609 2279; x_wconf 86' lang='lat' dir='ltr'><strong>benignus</strong></span> <span class='ocrx_word' id='word_1_85' title='bbox 634 2194 734 2258; x_wconf 85' lang='lat' dir='ltr'><strong>verbis</strong></span> <span class='ocrx_word' id='word_1_86' title='bbox 757 2194 833 2258; x_wconf 90' lang='lat' dir='ltr'><strong>meis</strong></span> <span class='ocrx_word' id='word_1_87' title='bbox 858 2216 911 2278; x_wconf 88' lang='lat' dir='ltr'><strong>per</strong></span> <span class='ocrx_word' id='word_1_88' title='bbox 934 2215 1025 2257; x_wconf 87' lang='lat' dir='ltr'><strong>omne</strong></span> <span class='ocrx_word' id='word_1_89' title='bbox 1048 2202 1187 2278; x_wconf 85' lang='lat' dir='ltr'><strong>tempus,</strong></span> <span class='ocrx_word' id='word_1_90' title='bbox 1221 2194 1346 2279; x_wconf 86' lang='lat' dir='ltr'><strong>Jupiter</strong></span> <span class='ocrx_word' id='word_1_91' title='bbox 1369 2200 1474 2279; x_wconf 87' lang='lat' dir='ltr'><strong>peter,</strong></span> 
     </span>
     <span class='ocr_line' id='line_1_14' title="bbox 458 2311 1475 2397; baseline -0.002 -21"><span class='ocrx_word' id='word_1_92' title='bbox 458 2320 488 2377; x_wconf 91' lang='lat' dir='ltr'><strong>et</strong></span> <span class='ocrx_word' id='word_1_93' title='bbox 511 2312 594 2376; x_wconf 91' lang='lat' dir='ltr'><strong>huno</strong></span> <span class='ocrx_word' id='word_1_94' title='bbox 620 2311 767 2397; x_wconf 88' lang='lat' dir='ltr'><strong>populum</strong></span> <span class='ocrx_word' id='word_1_95' title='bbox 783 2312 848 2375; x_wconf 84' lang='lat' dir='ltr'><strong>sine</strong></span> <span class='ocrx_word' id='word_1_96' title='bbox 868 2311 954 2375; x_wconf 87' lang='lat' dir='ltr'><strong>clade</strong></span> <span class='ocrx_word' id='word_1_97' title='bbox 970 2334 1079 2396; x_wconf 83' lang='lat' dir='ltr'><strong>regens</strong></span> <span class='ocrx_word' id='word_1_98' title='bbox 1096 2312 1313 2397; x_wconf 85' lang='lat' dir='ltr'><strong>Xenophontis</strong></span> <span class='ocrx_word' id='word_1_99' title='bbox 1329 2334 1475 2396; x_wconf 86' lang='lat' dir='ltr'><strong>prospera</strong></span> 
     </span>
     <span class='ocr_line' id='line_1_15' title="bbox 459 2430 1474 2515; baseline -0.001 -19"><span class='ocrx_word' id='word_1_100' title='bbox 459 2432 550 2496; x_wconf 89' lang='lat' dir='ltr'><strong>sortis</strong></span> <span class='ocrx_word' id='word_1_101' title='bbox 573 2432 698 2495; x_wconf 89' lang='lat' dir='ltr'><strong>flatum:</strong></span> <span class='ocrx_word' id='word_1_102' title='bbox 724 2444 755 2495; x_wconf 87' lang='lat' dir='ltr'><strong>et</strong></span> <span class='ocrx_word' id='word_1_103' title='bbox 778 2431 881 2515; x_wconf 88' lang='lat' dir='ltr'><strong>accipe</strong></span> <span class='ocrx_word' id='word_1_104' title='bbox 904 2432 971 2515; x_wconf 89' lang='lat' dir='ltr'><strong>ejus</strong></span> <span class='ocrx_word' id='word_1_105' title='bbox 996 2453 1177 2495; x_wconf 89' lang='lat' dir='ltr'><strong>coronarum</strong></span> <span class='ocrx_word' id='word_1_106' title='bbox 1201 2432 1314 2495; x_wconf 80' lang='lat' dir='ltr'><strong>festum</strong></span> <span class='ocrx_word' id='word_1_107' title='bbox 1328 2430 1474 2507; x_wconf 89' lang='lat' dir='ltr'><strong>modum,</strong></span> 
     </span>
     <span class='ocr_line' id='line_1_16' title="bbox 382 2550 1474 2636; baseline 0 -22"><span class='ocrx_word' id='word_1_108' title='bbox 382 2560 422 2614; x_wconf 80' lang='lat' dir='ltr'><strong>ln</strong></span> <span class='ocrx_word' id='word_1_109' title='bbox 459 2573 550 2635; x_wconf 91' lang='lat' dir='ltr'><strong>quem</strong></span> <span class='ocrx_word' id='word_1_110' title='bbox 583 2551 671 2615; x_wconf 88' lang='lat' dir='ltr'><strong>Pisoe</strong></span> <span class='ocrx_word' id='word_1_111' title='bbox 702 2573 739 2614; x_wconf 84' lang='lat' dir='ltr'><strong>ex</strong></span> <span class='ocrx_word' id='word_1_112' title='bbox 770 2550 885 2635; x_wconf 88' lang='lat' dir='ltr'><strong>campis</strong></span> <span class='ocrx_word' id='word_1_113' title='bbox 917 2550 1021 2628; x_wconf 89' lang='lat' dir='ltr'><strong>ducit,</strong></span> <span class='ocrx_word' id='word_1_114' title='bbox 1054 2572 1125 2615; x_wconf 90' lang='lat' dir='ltr'><strong>eum</strong></span> <span class='ocrx_word' id='word_1_115' title='bbox 1156 2551 1355 2636; x_wconf 85' lang='lat' dir='ltr'><strong>quinquertio</strong></span> <span class='ocrx_word' id='word_1_116' title='bbox 1381 2550 1474 2615; x_wconf 75' lang='lat' dir='ltr'><strong>stadii</strong></span> 
     </span>
     <span class='ocr_line' id='line_1_17' title="bbox 459 2667 1475 2754; baseline -0.001 -22"><span class='ocrx_word' id='word_1_117' title='bbox 459 2691 550 2732; x_wconf 87' lang='lat' dir='ltr'><strong>cursu</strong></span> <span class='ocrx_word' id='word_1_118' title='bbox 575 2670 690 2746; x_wconf 81' lang='lat' dir='ltr'><strong>vietor,</strong></span> <span class='ocrx_word' id='word_1_119' title='bbox 716 2690 794 2752; x_wconf 89' lang='lat' dir='ltr'><strong>quae</strong></span> <span class='ocrx_word' id='word_1_120' title='bbox 818 2668 898 2732; x_wconf 91' lang='lat' dir='ltr'><strong>nulli</strong></span> <span class='ocrx_word' id='word_1_121' title='bbox 921 2667 1023 2732; x_wconf 89' lang='lat' dir='ltr'><strong>adbuc</strong></span> <span class='ocrx_word' id='word_1_122' title='bbox 1047 2669 1113 2732; x_wconf 90' lang='lat' dir='ltr'><strong>viro</strong></span> <span class='ocrx_word' id='word_1_123' title='bbox 1140 2668 1264 2733; x_wconf 77' lang='lat' dir='ltr'><strong>mortali</strong></span> <span class='ocrx_word' id='word_1_124' title='bbox 1286 2669 1374 2754; x_wconf 88' lang='lat' dir='ltr'><strong>prius</strong></span> <span class='ocrx_word' id='word_1_125' title='bbox 1396 2669 1475 2734; x_wconf 88' lang='lat' dir='ltr'><strong>obti-</strong></span> 
     </span>
     <span class='ocr_line' id='line_1_18' title="bbox 458 2785 1474 2873; baseline -0.002 -22"><span class='ocrx_word' id='word_1_126' title='bbox 458 2796 581 2873; x_wconf 86' lang='lat' dir='ltr'><strong>gerunt.</strong></span> <span class='ocrx_word' id='word_1_127' title='bbox 625 2786 665 2849; x_wconf 79' lang='lat' dir='ltr'><strong>Et</strong></span> <span class='ocrx_word' id='word_1_128' title='bbox 689 2786 752 2851; x_wconf 89' lang='lat' dir='ltr'><strong>duo</strong></span> <span class='ocrx_word' id='word_1_129' title='bbox 776 2785 865 2850; x_wconf 91' lang='lat' dir='ltr'><strong>illum</strong></span> <span class='ocrx_word' id='word_1_130' title='bbox 889 2796 1077 2850; x_wconf 88' lang='lat' dir='ltr'><strong>coronarunt</strong></span> <span class='ocrx_word' id='word_1_131' title='bbox 1093 2810 1191 2851; x_wconf 80' lang='lat' dir='ltr'><strong>nexus</strong></span> <span class='ocrx_word' id='word_1_132' title='bbox 1207 2788 1270 2871; x_wconf 87' lang='lat' dir='ltr'><strong>apii</strong></span> <span class='ocrx_word' id='word_1_133' title='bbox 1285 2788 1317 2851; x_wconf 89' lang='lat' dir='ltr'><strong>in</strong></span> <span class='ocrx_word' id='word_1_134' title='bbox 1334 2787 1474 2851; x_wconf 89' lang='lat' dir='ltr'><strong>Isthmiis</strong></span> 
     </span>
     <span class='ocr_line' id='line_1_19' title="bbox 460 2903 1475 2991; baseline -0.001 -21"><span class='ocrx_word' id='word_1_135' title='bbox 460 2928 557 2989; x_wconf 90' lang='lat' dir='ltr'><strong>quum</strong></span> <span class='ocrx_word' id='word_1_136' title='bbox 580 2905 734 2991; x_wconf 84' lang='lat' dir='ltr'><strong>apparuit.</strong></span> <span class='ocrx_word' id='word_1_137' title='bbox 777 2904 843 2969; x_wconf 89' lang='lat' dir='ltr'><strong>Nec</strong></span> <span class='ocrx_word' id='word_1_138' title='bbox 868 2903 985 2969; x_wconf 88' lang='lat' dir='ltr'><strong>Nemea</strong></span> <span class='ocrx_word' id='word_1_139' title='bbox 1007 2915 1172 2990; x_wconf 85' lang='lat' dir='ltr'><strong>repugnat.</strong></span> <span class='ocrx_word' id='word_1_140' title='bbox 1211 2905 1311 2969; x_wconf 88' lang='lat' dir='ltr'><strong>Patris</strong></span> <span class='ocrx_word' id='word_1_141' title='bbox 1334 2905 1475 2971; x_wconf 81' lang='lat' dir='ltr'><strong>Tbesseli</strong></span> 
     </span>
    </p>
   </div>
   <div class='ocr_carea' id='block_1_5' title="bbox 273 3021 1477 3109">
    <p class='ocr_par' dir='ltr' id='par_1_5' title="bbox 273 3021 1477 3109">
     <span class='ocr_line' id='line_1_20' title="bbox 273 3021 1477 3109; baseline 0.002 -24"><span class='ocrx_word' id='word_1_142' title='bbox 273 3094 275 3101; x_wconf 16' lang='grc' dir='ltr'><em>Α</em></span> <span class='ocrx_word' id='word_1_143' title='bbox 384 3030 424 3087; x_wconf 68' lang='lat' dir='ltr'><strong>sill</strong></span> <span class='ocrx_word' id='word_1_144' title='bbox 461 3023 499 3088; x_wconf 91' lang='lat' dir='ltr'><strong>ad</strong></span> <span class='ocrx_word' id='word_1_145' title='bbox 531 3024 642 3109; x_wconf 77' lang='lat' dir='ltr'><strong>Alphei</strong></span> <span class='ocrx_word' id='word_1_146' title='bbox 672 3024 787 3088; x_wconf 83' lang='lat' dir='ltr'><strong>fluente</strong></span> <span class='ocrx_word' id='word_1_147' title='bbox 811 3022 904 3087; x_wconf 87' lang='lat' dir='ltr'><strong>decus</strong></span> <span class='ocrx_word' id='word_1_148' title='bbox 928 3021 1043 3109; x_wconf 90' lang='lat' dir='ltr'><strong>pedum</strong></span> <span class='ocrx_word' id='word_1_149' title='bbox 1067 3031 1168 3087; x_wconf 82' lang='lat' dir='ltr'><strong>exstat</strong></span> <span class='ocrx_word' id='word_1_150' title='bbox 1190 3025 1387 3088; x_wconf 87' lang='lat' dir='ltr'><strong>honoratum.</strong></span> <span class='ocrx_word' id='word_1_151' title='bbox 1434 3024 1477 3087; x_wconf 80' lang='lat' dir='ltr'><strong>Et</strong></span> 
     </span>
    </p>
   </div>
   <div class='ocr_carea' id='block_1_6' title="bbox 460 3140 1594 3227">
    <p class='ocr_par' dir='ltr' id='par_1_6' title="bbox 460 3140 1594 3227">
     <span class='ocr_line' id='line_1_21' title="bbox 460 3140 1594 3227; baseline -0.002 -21"><span class='ocrx_word' id='word_1_152' title='bbox 460 3142 601 3226; x_wconf 81' lang='lat' dir='ltr'><strong>Pythone</strong></span> <span class='ocrx_word' id='word_1_153' title='bbox 625 3142 718 3207; x_wconf 90' lang='lat' dir='ltr'><strong>habet</strong></span> <span class='ocrx_word' id='word_1_154' title='bbox 742 3141 833 3205; x_wconf 91' lang='lat' dir='ltr'><strong>stadii</strong></span> <span class='ocrx_word' id='word_1_155' title='bbox 858 3141 983 3206; x_wconf 83' lang='lat' dir='ltr'><strong>leudem</strong></span> <span class='ocrx_word' id='word_1_156' title='bbox 1001 3163 1171 3225; x_wconf 89' lang='lat' dir='ltr'><strong>cursusque</strong></span> <span class='ocrx_word' id='word_1_157' title='bbox 1186 3141 1319 3225; x_wconf 91' lang='lat' dir='ltr'><strong>duplicis</strong></span> <span class='ocrx_word' id='word_1_158' title='bbox 1335 3163 1398 3205; x_wconf 92' lang='lat' dir='ltr'><strong>uno</strong></span> <span class='ocrx_word' id='word_1_159' title='bbox 1414 3140 1474 3205; x_wconf 92' lang='lat' dir='ltr'><strong>die.</strong></span> <span class='ocrx_word' id='word_1_160' title='bbox 1591 3223 1594 3227; x_wconf 18' lang='grc' dir='ltr'>ι</span> 
     </span>
    </p>
   </div>
   <div class='ocr_carea' id='block_1_7' title="bbox 382 3260 1476 4535">
    <p class='ocr_par' dir='ltr' id='par_1_7' title="bbox 382 3260 1476 4535">
     <span class='ocr_line' id='line_1_22' title="bbox 462 3260 1475 3344; baseline 0 -21"><span class='ocrx_word' id='word_1_161' title='bbox 462 3260 639 3344; x_wconf 82' lang='lat' dir='ltr'><strong>Eodemque</strong></span> <span class='ocrx_word' id='word_1_162' title='bbox 671 3283 774 3324; x_wconf 83' lang='lat' dir='ltr'><strong>mense</strong></span> <span class='ocrx_word' id='word_1_163' title='bbox 806 3261 921 3324; x_wconf 75' lang='lat' dir='ltr'><strong>saxosis</strong></span> <span class='ocrx_word' id='word_1_164' title='bbox 954 3260 1084 3324; x_wconf 76' lang='lat' dir='ltr'><strong>Athenis</strong></span> <span class='ocrx_word' id='word_1_165' title='bbox 1116 3262 1176 3324; x_wconf 86' lang='lat' dir='ltr'><strong>tria</strong></span> <span class='ocrx_word' id='word_1_166' title='bbox 1206 3282 1298 3344; x_wconf 86' lang='lat' dir='ltr'><strong>opera</strong></span> <span class='ocrx_word' id='word_1_167' title='bbox 1320 3260 1475 3344; x_wconf 81' lang='lat' dir='ltr'><strong>gloriosus</strong></span> 
     </span>
     <span class='ocr_line' id='line_1_23' title="bbox 461 3379 1476 3465; baseline -0.002 -20"><span class='ocrx_word' id='word_1_168' title='bbox 461 3380 573 3465; x_wconf 88' lang='lat' dir='ltr'><strong>pedum</strong></span> <span class='ocrx_word' id='word_1_169' title='bbox 605 3380 712 3443; x_wconf 89' lang='lat' dir='ltr'><strong>robore</strong></span> <span class='ocrx_word' id='word_1_170' title='bbox 743 3379 808 3444; x_wconf 88' lang='lat' dir='ltr'><strong>dies</strong></span> <span class='ocrx_word' id='word_1_171' title='bbox 839 3381 1103 3465; x_wconf 87' lang='lat' dir='ltr'><strong>praestantissima</strong></span> <span class='ocrx_word' id='word_1_172' title='bbox 1129 3381 1225 3444; x_wconf 89' lang='lat' dir='ltr'><strong>comis</strong></span> <span class='ocrx_word' id='word_1_173' title='bbox 1248 3380 1412 3465; x_wconf 90' lang='lat' dir='ltr'><strong>imposuit:</strong></span> <span class='ocrx_word' id='word_1_174' title='bbox 1444 3388 1476 3443; x_wconf 87' lang='lat' dir='ltr'><strong>et</strong></span> 
     </span>
     <span class='ocr_line' id='line_1_24' title="bbox 462 3498 1475 3585; baseline 0 -23"><span class='ocrx_word' id='word_1_175' title='bbox 462 3498 599 3562; x_wconf 87' lang='lat' dir='ltr'><strong>Hellotia</strong></span> <span class='ocrx_word' id='word_1_176' title='bbox 622 3500 745 3583; x_wconf 89' lang='lat' dir='ltr'><strong>septies.</strong></span> <span class='ocrx_word' id='word_1_177' title='bbox 782 3499 819 3561; x_wconf 92' lang='lat' dir='ltr'><strong>ln</strong></span> <span class='ocrx_word' id='word_1_178' title='bbox 842 3500 1030 3563; x_wconf 87' lang='lat' dir='ltr'><strong>circumfluis</strong></span> <span class='ocrx_word' id='word_1_179' title='bbox 1047 3498 1186 3585; x_wconf 91' lang='lat' dir='ltr'><strong>Neptuni</strong></span> <span class='ocrx_word' id='word_1_180' title='bbox 1203 3499 1285 3563; x_wconf 88' lang='lat' dir='ltr'><strong>ludis</strong></span> <span class='ocrx_word' id='word_1_181' title='bbox 1301 3498 1475 3563; x_wconf 89' lang='lat' dir='ltr'><strong>Ptoeodoro</strong></span> 
     </span>
     <span class='ocr_line' id='line_1_25' title="bbox 382 3616 1475 3702; baseline 0.003 -25"><span class='ocrx_word' id='word_1_182' title='bbox 382 3622 422 3677; x_wconf 74' lang='lat'><strong>60</strong></span> <span class='ocrx_word' id='word_1_183' title='bbox 459 3638 529 3680; x_wconf 89' lang='lat' dir='ltr'><strong>cum</strong></span> <span class='ocrx_word' id='word_1_184' title='bbox 562 3625 648 3701; x_wconf 84' lang='lat' dir='ltr'><strong>petre</strong></span> <span class='ocrx_word' id='word_1_185' title='bbox 684 3616 838 3701; x_wconf 83' lang='lat' dir='ltr'><strong>longiores</strong></span> <span class='ocrx_word' id='word_1_186' title='bbox 870 3626 1038 3701; x_wconf 87' lang='lat' dir='ltr'><strong>sequentur</strong></span> <span class='ocrx_word' id='word_1_187' title='bbox 1060 3617 1265 3702; x_wconf 81' lang='lat' dir='ltr'><strong>Terpsiaeque</strong></span> <span class='ocrx_word' id='word_1_188' title='bbox 1288 3625 1318 3680; x_wconf 89' lang='lat' dir='ltr'><strong>et</strong></span> <span class='ocrx_word' id='word_1_189' title='bbox 1342 3616 1475 3680; x_wconf 82' lang='lat' dir='ltr'><strong>Eritimo</strong></span> 
     </span>
     <span class='ocr_line' id='line_1_26' title="bbox 459 3734 1476 3822; baseline -0.001 -24"><span class='ocrx_word' id='word_1_190' title='bbox 459 3744 578 3819; x_wconf 77' lang='lat' dir='ltr'><strong>centua.</strong></span> <span class='ocrx_word' id='word_1_191' title='bbox 626 3736 757 3815; x_wconf 74' lang='lat' dir='ltr'><strong>Quoties</strong></span> <span class='ocrx_word' id='word_1_192' title='bbox 790 3736 919 3822; x_wconf 86' lang='lat' dir='ltr'><strong>Delphis</strong></span> <span class='ocrx_word' id='word_1_193' title='bbox 953 3737 1068 3801; x_wconf 87' lang='lat' dir='ltr'><strong>vicistis</strong></span> <span class='ocrx_word' id='word_1_194' title='bbox 1103 3738 1197 3820; x_wconf 90' lang='lat' dir='ltr'><strong>inque</strong></span> <span class='ocrx_word' id='word_1_195' title='bbox 1232 3737 1327 3820; x_wconf 91' lang='lat' dir='ltr'><strong>septis</strong></span> <span class='ocrx_word' id='word_1_196' title='bbox 1355 3734 1476 3799; x_wconf 86' lang='lat' dir='ltr'><strong>leonis?</strong></span> 
     </span>
     <span class='ocr_line' id='line_1_27' title="bbox 460 3854 1476 3940; baseline -0.001 -22"><span class='ocrx_word' id='word_1_197' title='bbox 460 3854 622 3919; x_wconf 84' lang='lat' dir='ltr'><strong>Contendo</strong></span> <span class='ocrx_word' id='word_1_198' title='bbox 647 3876 717 3918; x_wconf 90' lang='lat' dir='ltr'><strong>cnm</strong></span> <span class='ocrx_word' id='word_1_199' title='bbox 742 3855 847 3919; x_wconf 90' lang='lat' dir='ltr'><strong>multis</strong></span> <span class='ocrx_word' id='word_1_200' title='bbox 870 3855 907 3919; x_wconf 92' lang='lat' dir='ltr'><strong>de</strong></span> <span class='ocrx_word' id='word_1_201' title='bbox 928 3856 1018 3940; x_wconf 86' lang='lat' dir='ltr'><strong>eopia</strong></span> <span class='ocrx_word' id='word_1_202' title='bbox 1038 3855 1182 3919; x_wconf 88' lang='lat' dir='ltr'><strong>laudum:</strong></span> <span class='ocrx_word' id='word_1_203' title='bbox 1207 3854 1261 3920; x_wconf 89' lang='lat' dir='ltr'><strong>sed</strong></span> <span class='ocrx_word' id='word_1_204' title='bbox 1277 3865 1359 3918; x_wconf 88' lang='lat' dir='ltr'><strong>certe</strong></span> <span class='ocrx_word' id='word_1_205' title='bbox 1375 3854 1476 3918; x_wconf 91' lang='lat' dir='ltr'><strong>dicere</strong></span> 
     </span>
     <span class='ocr_line' id='line_1_28' title="bbox 460 3972 1475 4058; baseline 0 -21"><span class='ocrx_word' id='word_1_206' title='bbox 460 3996 610 4058; x_wconf 88' lang='lat' dir='ltr'><strong>nequeam</strong></span> <span class='ocrx_word' id='word_1_207' title='bbox 634 3974 820 4036; x_wconf 86' lang='lat' dir='ltr'><strong>marinorum</strong></span> <span class='ocrx_word' id='word_1_208' title='bbox 845 3996 1007 4037; x_wconf 88' lang='lat' dir='ltr'><strong>numerum</strong></span> <span class='ocrx_word' id='word_1_209' title='bbox 1030 3973 1228 4038; x_wconf 80' lang='lat' dir='ltr'><strong>calculorum.</strong></span> <span class='ocrx_word' id='word_1_210' title='bbox 1275 3972 1420 4057; x_wconf 84' lang='lat' dir='ltr'><strong>Sequitur</strong></span> <span class='ocrx_word' id='word_1_211' title='bbox 1442 3975 1475 4037; x_wconf 93' lang='lat' dir='ltr'><strong>in</strong></span> 
     </span>
     <span class='ocr_line' id='line_1_29' title="bbox 460 4091 1475 4177; baseline 0.001 -22"><span class='ocrx_word' id='word_1_212' title='bbox 460 4092 544 4155; x_wconf 87' lang='lat' dir='ltr'><strong>omni</strong></span> <span class='ocrx_word' id='word_1_213' title='bbox 559 4114 590 4155; x_wconf 93' lang='lat' dir='ltr'><strong>re</strong></span> <span class='ocrx_word' id='word_1_214' title='bbox 609 4091 735 4155; x_wconf 92' lang='lat' dir='ltr'><strong>modus:</strong></span> <span class='ocrx_word' id='word_1_215' title='bbox 755 4091 842 4155; x_wconf 89' lang='lat' dir='ltr'><strong>illum</strong></span> <span class='ocrx_word' id='word_1_216' title='bbox 858 4114 1041 4175; x_wconf 83' lang='lat' dir='ltr'><strong>cognoscere</strong></span> <span class='ocrx_word' id='word_1_217' title='bbox 1053 4094 1185 4156; x_wconf 85' lang='lat' dir='ltr'><strong>maxime</strong></span> <span class='ocrx_word' id='word_1_218' title='bbox 1196 4102 1406 4177; x_wconf 88' lang='lat' dir='ltr'><strong>opportunum</strong></span> <span class='ocrx_word' id='word_1_219' title='bbox 1418 4102 1475 4157; x_wconf 87' lang='lat' dir='ltr'><strong>est.</strong></span> 
     </span>
     <span class='ocr_line' id='line_1_30' title="bbox 385 4209 1476 4296; baseline 0 -21"><span class='ocrx_word' id='word_1_220' title='bbox 385 4216 422 4275; x_wconf 78' lang='lat' dir='ltr'><strong>ill</strong></span> <span class='ocrx_word' id='word_1_221' title='bbox 460 4209 526 4295; x_wconf 80' lang='lat' dir='ltr'><strong>Ego</strong></span> <span class='ocrx_word' id='word_1_222' title='bbox 550 4234 606 4295; x_wconf 90' lang='lat' dir='ltr'><strong>pro</strong></span> <span class='ocrx_word' id='word_1_223' title='bbox 629 4233 695 4274; x_wconf 85' lang='lat' dir='ltr'><strong>mea</strong></span> <span class='ocrx_word' id='word_1_224' title='bbox 719 4220 804 4296; x_wconf 83' lang='lat' dir='ltr'><strong>parte</strong></span> <span class='ocrx_word' id='word_1_225' title='bbox 828 4212 857 4274; x_wconf 92' lang='lat' dir='ltr'><strong>in</strong></span> <span class='ocrx_word' id='word_1_226' title='bbox 884 4234 916 4274; x_wconf 91' lang='lat' dir='ltr'><strong>re</strong></span> <span class='ocrx_word' id='word_1_227' title='bbox 940 4213 1096 4276; x_wconf 90' lang='lat' dir='ltr'><strong>communi</strong></span> <span class='ocrx_word' id='word_1_228' title='bbox 1120 4212 1284 4275; x_wconf 88' lang='lat' dir='ltr'><strong>adveniens</strong></span> <span class='ocrx_word' id='word_1_229' title='bbox 1307 4220 1339 4274; x_wconf 94' lang='lat' dir='ltr'><strong>et</strong></span> <span class='ocrx_word' id='word_1_230' title='bbox 1358 4211 1476 4295; x_wconf 86' lang='lat' dir='ltr'><strong>sapien·</strong></span> 
     </span>
     <span class='ocr_line' id='line_1_31' title="bbox 461 4330 1473 4415; baseline 0.001 -22"><span class='ocrx_word' id='word_1_231' title='bbox 461 4332 534 4394; x_wconf 86' lang='lat' dir='ltr'><strong>tiam</strong></span> <span class='ocrx_word' id='word_1_232' title='bbox 558 4330 688 4395; x_wconf 90' lang='lat' dir='ltr'><strong>laudans</strong></span> <span class='ocrx_word' id='word_1_233' title='bbox 713 4340 848 4395; x_wconf 83' lang='lat' dir='ltr'><strong>veterum</strong></span> <span class='ocrx_word' id='word_1_234' title='bbox 873 4330 1052 4415; x_wconf 92' lang='lat' dir='ltr'><strong>bellumque</strong></span> <span class='ocrx_word' id='word_1_235' title='bbox 1073 4332 1305 4395; x_wconf 80' lang='lat' dir='ltr'><strong>fortissimarum</strong></span> <span class='ocrx_word' id='word_1_236' title='bbox 1323 4331 1473 4394; x_wconf 86' lang='lat' dir='ltr'><strong>virtutum</strong></span> 
     </span>
     <span class='ocr_line' id='line_1_32' title="bbox 462 4446 1475 4535; baseline -0.002 -22"><span class='ocrx_word' id='word_1_237' title='bbox 462 4472 521 4513; x_wconf 92' lang='lat' dir='ltr'><strong>non</strong></span> <span class='ocrx_word' id='word_1_238' title='bbox 546 4449 677 4513; x_wconf 86' lang='lat' dir='ltr'><strong>mentiar</strong></span> <span class='ocrx_word' id='word_1_239' title='bbox 700 4447 738 4512; x_wconf 90' lang='lat' dir='ltr'><strong>de</strong></span> <span class='ocrx_word' id='word_1_240' title='bbox 762 4446 929 4513; x_wconf 88' lang='lat' dir='ltr'><strong>Corintho:</strong></span> <span class='ocrx_word' id='word_1_241' title='bbox 962 4449 1128 4534; x_wconf 75' lang='lat' dir='ltr'><strong>Sisyphum</strong></span> <span class='ocrx_word' id='word_1_242' title='bbox 1157 4448 1282 4535; x_wconf 83' lang='lat' dir='ltr'><strong>quidem</strong></span> <span class='ocrx_word' id='word_1_243' title='bbox 1302 4448 1475 4534; x_wconf 89' lang='lat' dir='ltr'><strong>prudentis·</strong></span> 
     </span>
    </p>
   </div>
   <div class='ocr_carea' id='block_1_8' title="bbox 0 0 1869 5542">
    <p class='ocr_par' dir='ltr' id='par_1_8' title="bbox 0 0 1869 5542">
     <span class='ocr_line' id='line_1_33' title="bbox 0 0 1869 5542; baseline 0 0"><span class='ocrx_word' id='word_1_244' title='bbox 0 0 1869 5542; x_wconf 95' lang='lat' dir='ltr'><strong> </strong></span> 
     </span>
    </p>
   </div>
  </div>
 </body>
</html>
