3725 5542
811 736 875 795 505
964 750 970 761 ·

335 934 460 998 ticulam
483 934 541 997 hoc
565 934 687 1016 quidem
711 934 778 997 loco
801 957 864 998 non
887 933 1007 997 differre
1031 935 1069 999 ab
1093 958 1144 1011 ea,
1165 957 1243 1019 quae
1260 958 1292 997 vs
1309 936 1349 998 70

334 1053 477 1137 ponitur,
501 1052 587 1124 ὅπως.
629 1052 718 1116 Plato
741 1052 832 1137 Epio.
858 1054 922 1114 990
949 1052 1026 1123 bric
1049 1058 1152 1133 Φαμεν
1175 1051 1230 1127 ὖπνς
1254 1052 1352 1115 δεῖτε

333 1169 384 1235 καὶ
408 1166 484 1241 ὅπως
506 1172 600 1250 χρεὼν
621 1169 784 1247 μανθάνειν.

381 1290 433 1351 69.
468 1290 601 1368 ἀκρόθινα
624 1289 729 1355 διελών.
765 1298 906 1372 Διαιρεῖν,
932 1298 968 1353 ut
991 1290 1099 1366 credo,
1124 1291 1181 1354 hoc
1203 1287 1270 1353 loco
1290 1310 1351 1351 non

334 1412 454 1469 tautum
489 1414 535 1471 est
569 1408 670 1491 ipsum
705 1407 860 1482 dividere,
895 1407 948 1472 sed
982 1406 1147 1471 dividendo
1179 1428 1350 1470 secernere:

337 1524 518 1589 sacrificavit
541 1524 691 1589 Hercules
714 1526 771 1591 οὖν
793 1526 928 1600 πολέμοιο
952 1524 1045 1598 δόσιν,
1069 1546 1178 1609 nempe
1203 1546 1268 1588 eam
1287 1524 1352 1608 ejus

335 1648 469 1726 partem,
498 1664 590 1725 quam
614 1642 682 1707 Diis
705 1641 834 1707 secrevit
857 1654 887 1706 et
909 1642 1069 1706 divisionis
1093 1642 1261 1727 primordia
1284 1662 1349 1705 esse

335 1758 443 1822 voluit.
491 1759 537 1823 De
565 1760 714 1825 vocabulo
736 1760 870 1838 οὶκοόθινα
892 1760 1096 1845 explicuimus
1120 1760 1158 1824 ad
1182 1758 1234 1823 Ol.
1259 1758 1293 1822 II
1319 1762 1348 1823 l.

381 1881 432 1943 72.
468 1878 622 1943 ποταίνιον.
658 1877 752 1943 Recte
775 1877 940 1943 scholiasta
964 1886 1050 1942 vetus
1071 1879 1196 1962 exponit
1212 1876 1348 1955 πρῦοφα·

333 2019 398 2060 τινι
430 1994 483 2059 sed
514 1994 667 2059 immerito
699 1995 847 2060 Doricum
879 2018 944 2059 esse
976 1994 1067 2060 dicit:
1102 1996 1128 2057 si
1155 1992 1280 2077 quidem
1302 2000 1349 2055 est
1441 2050 1447 2057 .

335 2113 416 2196 apud
442 2113 645 2197 Aeschylum,
670 2112 764 2178 Choe.
792 2115 876 2176 1055
896 2114 934 2178 de
950 2120 1070 2178 recente
1087 2111 1348 2196 Clytaemestrae

335 2231 500 2314 sanguiue,
533 2230 622 2294 Ilum.
656 2233 720 2293 282
752 2230 790 2295 de
820 2238 943 2295 recente
969 2230 1103 2314 ejusdem
1127 2228 1237 2306 caede,
1262 2226 1345 2315 Sept.

335 2368 361 2410 c.
384 2346 442 2409 uh.
468 2349 532 2409 239
556 2347 595 2411 de
618 2369 697 2412 novo
722 2348 868 2413 tumultu.

381 2467 432 2528 74.
468 2467 589 2541 ἀγώνιον
610 2464 717 2547 εὖχος.
744 2466 802 2530 uel
817 2466 911 2531 decus
926 2466 1117 2531 certaminis:
1135 2488 1169 2529 ac
1186 2465 1247 2531 iere
1263 2462 1348 2544 εὖχος

335 2580 373 2644 ab
397 2580 533 2647 Homero
556 2582 594 2647 de
616 2584 761 2649 victoriae
783 2584 875 2648 laude
899 2584 1028 2648 dicitur:
1051 2582 1189 2648 velutIl.
1210 2581 1349 2658 V1181,

335 2697 419 2762 XIII
450 2702 513 2764 327
518 2748 526 2761 .
572 2700 720 2765 Similiter
747 2700 829 2786 apud
852 2700 1038 2779 Pindarum,
1062 2701 1117 2785 Py.
1143 2699 1171 2762 V
1196 2702 1238 2761 26
1262 2695 1350 2778 εὖχος

334 2816 419 2886 ἑλὼν.
450 2815 540 2882 Nem.
572 2817 619 2881 VI
652 2820 715 2883 1⁰0
746 2825 832 2884 τοῦτο
862 2820 978 2898 γαρύων
1009 2817 1097 2900 εὖχος
1127 2819 1246 2895 caenae
1278 2813 1348 2881 ἄπο.

334 2934 429 3019 Apud
450 2933 634 3019 Tyrtaeum,
655 2935 709 3000 ΠΙ
732 2938 775 2999 86
799 2936 871 3001 edit.
896 2936 1048 3001 Brunckii

514 3054 632 3127 νικήσας
655 3053 681 3117 δ’
703 3055 821 3133 αἷχμῆς
842 3054 960 3131 aynae
983 3052 1071 3134 εὖχος
1093 3052 1160 3135 ἕλῃ·

336 3164 531 3251 Quamquam
569 3166 656 3249 εὖχος
695 3171 787 3233 etiam
824 3169 938 3234 dicitur
973 3179 1096 3247 votum,
1134 3169 1216 3233 velut
1256 3168 1350 3255 Soph.

336 3282 415 3347 Phil.
444 3287 527 3348 1208

623 3401 652 3469 ἕν
675 3405 714 3481 γε’
735 3428 783 3482 μοι
806 3402 894 3486 εὖχος
917 3404 1044 3485 ὀρέξατο.

334 3518 406 3597 Qua
436 3520 560 3603 quidem
592 3522 816 3607 significatione
849 3524 1031 3609 plerumque
1061 3528 1137 3607 εὐχὴ
1161 3527 1236 3611 poni
1259 3526 1346 3591 solet.

333 3636 447 3701 'lamen
478 3638 599 3703 decoris
630 3640 884 3724 significationem
917 3643 976 3707 hoc
1008 3642 1076 3707 loco
1100 3644 1247 3729 praefero.
1295 3644 1353 3707 Est

334 3760 435 3815 autem
466 3756 587 3830 ἀγώνιον
614 3753 701 3837 εὖχος
725 3759 901 3843 appositum
925 3760 1001 3844 ipsis
1026 3761 1182 3825 vocabulis
1207 3760 1351 3826 ποταίνιον

333 3869 488 3951 στέφανον.
535 3872 723 3940 scholiastae
754 3884 870 3941 veteres
902 3878 1068 3962 significari
1097 3880 1272 3944 existimant
1295 3880 1348 3944 ad·

334 3988 457 4052 versarii
487 3999 560 4053 vota
587 4002 617 4055 et
640 3992 787 4076 gloriam,
813 4001 849 4057 ut
872 3995 1001 4059 καθελὼν
1024 3996 1176 4079 significet
1198 3996 1349 4061 devictam

333 4126 351 4167 a
375 4104 487 4169 victore
511 4107 596 4190 ejus,
621 4129 689 4172 curn
715 4132 777 4193 quo
800 4113 979 4189 certaverit,
1004 4112 1229 4197 gloriationem.
1282 4088 1295 4099 ἱ

379 4224 431 4285 74.
450 4224 496 4285 ·ἕν
530 4222 602 4306 δόξα
636 4225 759 4301 θέμενος.
797 4226 936 4306 Corona,
974 4228 1067 4293 decus
1099 4230 1289 4307 certaminis,
1322 4230 1348 4293 si

331 4359 394 4402 non
425 4348 546 4423 petetur
577 4342 722 4406 certando
753 4366 809 4409 nec
832 4346 1058 4431 reportabitur,
1083 4368 1138 4409 sua
1160 4347 1226 4429 ipsa
1250 4345 1348 4432 gloria

331 4454 460 4520 carebit:
490 4480 509 4519 a
534 4458 650 4523 vicine
680 4460 803 4527 demum
829 4462 860 4527 in
888 4463 987 4548 gloria
1010 4463 1136 4548 ponitur
1159 4469 1189 4526 et
1212 4462 1346 4547 gloriosa
