3725 5542
797 738 837 795 us

306 940 406 1016 sistit,
440 960 503 1003 non
535 938 647 1009 minum
678 944 742 1013 eet,
775 957 837 1001 uon
868 942 990 1002 tuntum
1019 937 1052 1002 in
1074 938 1166 1003 rebus
1190 940 1325 1004 adversis

307 1056 438 1123 ferendis
469 1057 625 1141 sapientes
653 1056 794 1121 decorem
826 1056 930 1138 sequi,
956 1055 1009 1121 sed
1032 1055 1126 1121 etiam
1148 1080 1324 1142 prosperam

307 1175 462 1239 mnunsm
488 1196 507 1236 a
529 1172 719 1259 sapientibus
742 1172 866 1237 demum
890 1174 935 1237 ita
955 1173 1069 1257 sccipi,
1089 1181 1127 1238 nt
1146 1173 1325 1239 felicitatem

309 1295 340 1357 is
363 1292 488 1359 laudem
512 1300 699 1357 convertant.
740 1290 920 1375 „ffipientes
943 1292 1036 1355 etiam
1059 1292 1198 1376 pulcrius
1221 1292 1326 1357 ferunt

310 1412 458 1487 drusus
482 1411 584 1475 datam
609 1410 810 1495 potentium.”
823 1411 848 1493 Ι)
895 1409 954 1488 st,
979 1410 1241 1493 quemadmodum
1264 1410 1325 1475 alio

311 1528 376 1593 loeo
399 1528 594 1613 sumpsimus,
619 1527 848 1593 immoderatam
872 1526 1048 1611 cupidinem
1072 1527 1111 1593 ad
1131 1528 1248 1602 matun
1266 1529 1328 1595 exi·

312 1654 376 1709 tum
408 1645 619 1731 pemmirm')
651 1646 694 1709 sic
725 1645 834 1710 melior
865 1666 930 1709 sors
961 1646 1180 1729 temperantiae
1207 1645 1239 1711 iu
1266 1644 1327 1710 fine

313 1777 372 1828 est:
404 1766 454 1842 „si
485 1765 554 1847 quis
585 1786 741 1829 summurn
770 1771 881 1828 nactus
909 1772 941 1831 et
968 1762 1136 1847 tranquille
1165 1762 1326 1826 moderans

313 1883 420 1947 malem
444 1881 619 1966 superbism
639 1881 761 1965 effugit,
783 1880 887 1965 nigrae
907 1880 1090 1966 pidnriorem
1110 1881 1201 1945 finem
1217 1881 1325 1946 mortis

315 2000 449 2077 habebit,
466 1999 644 2065 dulcissimo
659 2000 763 2083 generi
779 1998 987 2064 felicissimam
1002 1999 1179 2064 divitiarum
1195 1998 1326 2084 gratiam

314 2118 460 2183 donans.''
478 2118 505 2201 ³)
556 2116 625 2182 Hoc
659 2140 731 2182 sane
766 2126 813 2181 est
844 2118 999 2203 sapienter
1031 2125 1062 2180 et
1087 2117 1209 2181 fortiter
1235 2118 1327 2201 respi-

314 2258 376 2301 cere
398 2237 502 2301 finem.

354 2358 459 2438 Atque
479 2360 549 2439 post
568 2354 657 2417 finem
675 2352 769 2417 etiam
786 2351 1035 2437 prospiciendum
1050 2360 1142 2435 atque
1158 2351 1190 2415 in
1207 2374 1327 2415 aemma

316 2474 403 2557 hujus
426 2473 507 2535 vitae
530 2471 675 2535 felicitate
694 2470 820 2537 alteram
841 2470 935 2533 uitam
953 2469 1149 2553 cogitandam
1170 2492 1235 2533 esse
1252 2468 1327 2532 vidi·

317 2614 379 2654 mus
403 2596 506 2654 antea:
519 2592 545 2671 ⁴)
565 2610 696 2672 quarum
715 2610 815 2653 rerum
837 2588 1055 2672 cogitationem
1075 2588 1204 2672 requirit
1219 2594 1324 2672 potita,

317 2730 366 2771 nec
389 2709 455 2772 sine
478 2730 513 2770 es
536 2729 637 2771 veram
657 2706 778 2772 laudem
799 2707 876 2771 dicit
894 2708 1033 2771 inveniri.
1058 2705 1250 2800 „Divitias”
1267 2705 1324 2782 ait,

316 2834 457 2902 „ornatae
492 2824 637 2889 laudibus
671 2824 838 2889 multarum
874 2846 976 2888 rerum
1010 2824 1129 2909 copiam
1161 2822 1324 2899 adferunt,

316 2944 490 3028 praebentes
521 2942 674 3027 profunda
706 2942 856 3026 fortiaque
887 2942 1007 3019 studia,
1041 2940 1195 3026 praeclara
1217 2940 1324 3017 stella,

315 3084 378 3126 vera
409 3061 529 3125 bomini
555 3061 626 3137 lux;
651 3061 676 3123 si
701 3061 769 3144 quis
793 3082 843 3125 eas
867 3059 977 3136 hebet,
1002 3059 1146 3142 cognovit
1169 3082 1221 3136 ea,
1246 3080 1325 3142 quae

316 3189 379 3262 post
402 3186 533 3245 mortem
556 3179 662 3242 future
686 3178 828 3261 sunt.''⁵)

355 3296 460 3361 Unum
500 3304 611 3371 restat,
653 3295 737 3379 quod
777 3294 943 3372 addamus,
985 3294 1139 3377 quomodo
1178 3294 1324 3358 inuuidiam

312 3414 462 3491 Deorum,
496 3436 587 3497 quem
619 3436 637 3475 s
659 3412 793 3477 Pindaro
817 3414 1046 3478 commemorari
1069 3412 1285 3496 exposuimus,
1298 3414 1325 3494 θ)

313 3531 505 3596 metuendam
526 3552 591 3594 esse
612 3530 773 3615 putaverit.
809 3529 919 3613 Neque
940 3529 1022 3593 enim
1038 3530 1102 3614 jam
1122 3528 1324 3612 intelligimus

312 3650 460 3733 ejusmodi
483 3670 549 3713 esse
571 3657 607 3712 ut
631 3671 649 3711 a
672 3647 775 3712 studio
795 3647 896 3712 laudis
916 3654 1047 3724 avertat,
1069 3646 1123 3710 sed
1143 3670 1162 3710 s
1181 3645 1324 3731 superbie

312 3776 341 3830 et
362 3790 463 3833 rerum
485 3789 610 3832 suarum
629 3766 752 3830 fiducia.
786 3765 948 3829 Praeterea
966 3786 1038 3828 vero
1058 3765 1091 3827 in
1111 3763 1324 3849 proedicandis

312 3884 453 3950 laudibus
478 3906 544 3949 eam
568 3884 763 3949 metuendam
789 3886 922 3969 putavit;
943 3883 976 3947 id
995 3883 1080 3967 quod
1099 3881 1324 3967 quodammodo

313 4002 349 4066 ab
370 4005 438 4089 ipsa
461 4024 563 4067 rerum
581 4002 694 4067 fidncia
714 4024 776 4066 non
796 4003 956 4087 sejungere
974 4000 1113 4085 quidem,
1134 3998 1326 4084 quandoqui-

315 4120 378 4185 dem
410 4144 480 4185 cum
510 4142 545 4183 ea
568 4122 768 4206 conjunctum
792 4130 855 4197 est,
879 4119 932 4185 sed
956 4120 1145 4203 distinguere
1168 4117 1325 4183 debemus.

314 4237 433 4305 Scilicet
455 4239 573 4304 distem
596 4239 693 4310 oratio
713 4250 745 4304 ct
760 4241 858 4303 actio:
880 4238 940 4302 alis
961 4245 1008 4303 cst
1026 4236 1138 4321 sgeedi
1156 4234 1326 4311 fortitudo,

349 4411 372 4472 1)
389 4412 431 4477 ἢ.
453 4412 478 4460 7.
497 4409 538 4459 1⁶.
710 4409 734 4469 2)
752 4408 823 4459 Geni.
837 4424 892 4473 pap.
911 4408 950 4457 88.
1101 4407 1125 4467 8)
1146 4406 1189 4469 Py.
1214 4403 1260 4452 ΙΙ.
1287 4401 1326 4449 84.

350 4506 461 4565 steort.
476 4522 532 4570 paq.
550 4505 591 4553 89.
709 4504 734 4564 d)
754 4504 790 4553 01.
809 4502 848 4552 Π.
865 4500 907 4551 dd.
1102 4499 1128 4560 d)
1141 4498 1274 4561 ssentpap.
1287 4493 1329 4546 87.
