3725 5542
840 716 882 778 93

355 919 440 1001 Quid
471 919 588 1006 igitur?
619 939 693 982 num
720 916 819 980 aliena
841 915 980 980 Platonis
1003 940 1022 981 a
1044 916 1169 981 Pindari
1193 919 1365 986 sententia?

356 1040 424 1104 lmo
457 1063 526 1104 vero
559 1047 620 1102 tarn
650 1035 774 1112 similis,
799 1043 918 1100 utnon
944 1036 1078 1114 ratione,
1103 1036 1154 1100 sed
1183 1039 1366 1123 perfectione

356 1159 476 1224 differat
499 1157 574 1222 alter
597 1156 635 1221 ab
660 1154 773 1232 altero,
798 1163 829 1218 et
852 1154 1016 1219 absolverit
1039 1155 1258 1242 philosophus,
1283 1157 1365 1243 quod

356 1277 510 1342 inchoavit
533 1245 631 1361 poeta.
668 1272 749 1338 Nam
777 1273 928 1338 Pindarus
959 1275 1096 1339 homines
1128 1298 1198 1340 cum
1230 1277 1296 1340 Diis
1320 1301 1368 1342 oo·

356 1397 501 1482 gnatione
532 1393 704 1480 copulavit,
737 1393 895 1477 vetuitque
926 1393 1007 1458 idem
1038 1395 1207 1479 quidquam
1237 1395 1275 1460 de
1298 1396 1367 1460 Diis

358 1517 476 1595 dicere,
508 1516 566 1580 nisi
598 1513 681 1600 quod
712 1522 790 1577 esset
819 1513 976 1598 pulcrum,
1000 1521 1032 1578 et
1054 1514 1171 1600 aliquid
1195 1517 1367 1601 suspicatus

359 1645 406 1700 est
436 1636 473 1700 de
504 1636 639 1700 veritatis
671 1656 790 1698 summa
824 1642 854 1698 et
884 1644 1009 1720 regente
1039 1636 1141 1699 omnia
1171 1637 1365 1719 praestantia.

359 1755 442 1819 Hinc
464 1753 623 1818 videbatur
646 1775 699 1838 per
723 1774 820 1817 unum
843 1751 972 1838 gradum
996 1753 1059 1818 fieri
1083 1753 1247 1817 transitus:
1272 1762 1368 1818 trans·

360 1874 399 1938 iit
428 1871 534 1936 Plato:
567 1873 598 1935 in
635 1870 700 1935 Deo
731 1871 834 1957 posuit
865 1871 1014 1956 perfectae
1045 1872 1168 1935 virtutis
1198 1873 1367 1957 exemplar,

358 1991 553 2070 hominibus,
577 1998 728 2077 quantum
751 1990 815 2055 fieri
840 1998 959 2076 posset,
983 1989 1176 2055 imitandum.

404 2109 574 2176 Redeamus
605 2132 657 2190 eo,
690 2110 778 2196 cujus
809 2133 900 2175 causa
931 2118 963 2174 et
989 2109 1157 2175 Homerum
1182 2119 1212 2175 et
1234 2111 1368 2197 reliquos

357 2253 429 2295 cum
461 2229 592 2294 Pindaro
617 2229 874 2315 comparavimur,
900 2237 936 2294 ut
958 2229 1110 2315 propriam
1133 2228 1258 2293 Pindari
1279 2232 1371 2296 ratio·

356 2371 430 2414 nem
449 2348 693 2424 ostenderemus,
713 2355 744 2412 et
760 2349 846 2434 quasi
863 2355 995 2412 mentem
1011 2347 1236 2442 quodammodo
1252 2349 1373 2435 effinge-

357 2489 470 2532 remus.
517 2463 640 2552 Quippe
664 2465 738 2530 haec
762 2473 826 2530 erat
848 2464 903 2529 illa
924 2463 1040 2544 ἄβατος
1063 2468 1166 2547 ψυχὴ,
1194 2472 1370 2552 incorrupta

361 2607 461 2664 mens,
484 2590 601 2670 inteprc
625 2607 660 2650 oo
683 2591 818 2664 sincero,
841 2606 936 2668 quae,
960 2583 1128 2649 secundum
1151 2585 1281 2650 eundem
1303 2585 1371 2650 Pla·

358 2713 479 2781 tonem,
509 2705 657 2768 excitatur
680 2727 697 2766 a
720 2702 819 2767 Musis
843 2711 873 2767 et
897 2704 928 2767 in
951 2703 1085 2768 furorem
1107 2704 1239 2789 aliquem
1263 2707 1369 2792 impel-

359 2824 451 2887 litur:
476 2845 537 2908 quo
561 2823 662 2886 furore
685 2823 737 2907 qui
761 2829 875 2900 careat,
899 2844 956 2886 nae
976 2822 1028 2886 ille
1048 2823 1160 2888 frustra
1176 2833 1239 2888 arte
1255 2824 1372 2890 nitetur

359 2963 416 3006 nec
440 2949 541 3026 portas
565 2941 705 3007 introibit
729 2939 896 3005 Musarum.
913 2941 935 3024 ¹)
982 2940 1050 3005 Hoc
1072 2942 1173 3027 ipsum
1197 2965 1215 3005 a
1236 2942 1370 3007 Pindaro

360 3083 538 3146 expressam
561 3067 607 3126 est
630 3060 709 3124 illis:

464 3182 496 3246 ἐκ
518 3181 579 3246 θεοῦ
602 3179 627 3243 δ’
649 3179 718 3258 ἆνὴρ
740 3186 848 3260 σοφαῖς
871 3180 953 3245 ἀνθεῖ
972 3181 1051 3244 ἐσαεὶ
1075 3181 1275 3260 πραπῶεσσιν·

361 3323 402 3366 ec
425 3301 490 3364 Deo
513 3323 629 3386 semper
652 3303 737 3364 homo
760 3303 893 3385 sapiente
914 3306 1008 3365 mente
1019 3302 1167 3385 stom-⁹)

362 3427 394 3484 et
427 3413 547 3505 saepius
582 3425 708 3484 naturae
742 3419 901 3504 ipsiusque
936 3419 1047 3483 mentis
1082 3419 1214 3485 celebrat
1248 3420 1308 3485 vim
1344 3428 1376 3485 et

364 3537 591 3623 praestantiam.
638 3536 774 3600 Tantum
804 3537 885 3601 valet
916 3536 993 3601 illud
1023 3559 1112 3602 nosse
1143 3561 1174 3602 se
1201 3539 1320 3624 ipsum,
1344 3547 1376 3602 et

362 3663 496 3744 praestat
526 3656 728 3742 experientiae
755 3656 876 3743 ipsique
899 3657 961 3722 luci
985 3657 1129 3722 historiae
1152 3657 1205 3722 ille
1227 3659 1307 3743 ignis
1330 3658 1375 3722 di-

363 3777 500 3841 vinitatis
534 3775 715 3841 mortalibus
751 3775 885 3841 inditus:
922 3777 975 3862 qui
1005 3785 1037 3842 et
1067 3779 1166 3862 poetis
1197 3788 1227 3841 et
1257 3779 1375 3842 cunctis

363 3895 541 3962 excitandus
572 3902 635 3971 est,
669 3895 826 3959 veritatem
858 3895 1112 3981 amplectentibus
1136 3905 1167 3960 et
1189 3896 1227 3960 ad
1249 3897 1376 3962 meliora

363 4014 558 4102 cupientibus
591 4015 756 4099 pervenire.
803 4014 893 4079 Hanc
923 4014 1048 4079 Pindari
1075 4014 1268 4080 divinitatem
1291 4016 1375 4100 ipse,

364 4137 417 4220 qui
440 4157 532 4220 supra
555 4133 689 4219 reliquos
711 4135 904 4218 antiquitatis
928 4133 1153 4199 laudatissimos
1176 4137 1255 4198 viros
1279 4133 1376 4199 divini

364 4254 543 4340 cognomine
573 4259 698 4318 ornatus
721 4262 783 4331 est,
808 4253 896 4318 Plato
919 4254 1061 4340 agnovit,
1086 4254 1171 4318 etin
1196 4255 1373 4346 gravissima

401 4531 426 4594 l)
445 4529 544 4580 macor.
562 4529 619 4579 24⁶.
638 4528 668 4578 Α.
766 4529 792 4591 2)
811 4529 1125 4592 01.Xl.10.cont.p.oa.
