3725 5542
800 704 862 762 429

319 932 337 972 a
361 907 498 972 Diodoro
520 904 557 969 L.
585 904 614 966 V
642 901 677 966 C.
707 904 765 968 5⁷:
795 901 849 965 sed
876 923 938 966 non
966 903 999 966 in
1026 903 1168 968 omnibus
1196 911 1243 969 est
1269 925 1339 968 eon-

319 1027 431 1091 sensio.

369 1147 441 1207 134.
477 1140 743 1220 παραδεξαμένους.
780 1140 807 1201 Α
837 1139 994 1203 Minerva:
1024 1139 1143 1204 reditur
1166 1140 1204 1204 sd
1228 1163 1261 1204 vs
1285 1145 1339 1204 92.

322 1262 406 1326 Laus
429 1260 595 1345 sapientiae
619 1280 653 1322 ae
677 1257 907 1341 disciplinarum
928 1256 1068 1322 Helladis
1085 1259 1177 1324 etism
1194 1259 1340 1324 tribuitur

322 1402 340 1443 a
370 1377 525 1455 Diodoro,
558 1374 595 1439 L.
620 1374 648 1436 V
672 1373 707 1438 C.
733 1376 785 1437 58.
821 1377 926 1458 Atque
949 1374 993 1439 ibi
1016 1375 1048 1438 in
1071 1375 1211 1438 maximis
1235 1397 1339 1440 eorum

320 1494 465 1560 laudibus
488 1499 648 1579 ponemus
669 1491 733 1571 περὶ
756 1500 811 1565 τῆς
833 1493 985 1562 ναυτιλίας
997 1492 1112 1556 πολλαὶς
1125 1513 1202 1577 quas
1217 1491 1341 1576 quidem

321 1615 347 1678 si
375 1613 483 1678 hebuit
513 1609 649 1675 Palledis
681 1608 781 1674 cultor
813 1609 965 1693 populns,
1000 1609 1128 1673 fortasse
1155 1611 1246 1674 etiam
1271 1611 1342 1676 hino

322 1731 543 1796 confirmantur
570 1751 623 1806 ea,
647 1748 726 1810 quae
750 1726 788 1792 de
812 1725 969 1790 Minervae
994 1727 1081 1790 cultu
1106 1727 1187 1814 opud
1211 1727 1344 1794 Camari-

323 1869 418 1914 naeos
442 1847 619 1930 scripsimus
642 1843 681 1908 ed
705 1842 756 1908 Ol.
780 1843 809 1905 V
833 1845 887 1907 00.

368 1966 441 2028 135.
477 1958 527 2034 εἷς.
562 1962 686 2026 Dicitur
709 1961 743 2024 in
768 1959 893 2024 scholiis
918 1958 1113 2044 Cercophns,
1134 1983 1229 2026 uxore
1248 1962 1342 2027 ducta

322 2080 471 2166 Cydippe.
517 2079 606 2143 Idem
629 2087 675 2142 ost
698 2077 781 2162 opud
804 2075 998 2155 Diodorum,
1023 2099 1050 2142 c.
1076 2081 1160 2152 tt„

370 2201 445 2263 130.
480 2195 695 2276 πρεσβύτατα.
732 2193 816 2276 Quia
831 2192 989 2258 Camirnm
1004 2157 1341 2290 primnpffnominavih

324 2315 428 2394 addit,
458 2313 597 2399 Jalysnm
630 2313 725 2376 luisse
756 2319 832 2377 natu
864 2311 1049 2376 maximnm:
1083 2312 1209 2378 fortusse
1233 2314 1341 2392 etiam,

324 2456 364 2499 ne
385 2433 537 2517 Diagorae
557 2432 656 2516 patria
680 2428 784 2494 debito
800 2429 916 2494 honore
945 2450 1046 2492 carere
1061 2429 1225 2494 videretur.
1250 2431 1343 2515 Apud

327 2550 499 2616 Diodorum
529 2555 738 2614 memorantur
772 2546 830 2610 hoo
868 2546 992 2611 ordine:
1028 2545 1165 2625 Lindus,
1200 2547 1342 2633 datysus,

326 2667 477 2732 Osmirus.

376 2788 450 2851 140.
484 2790 563 2865 σφιν.
609 2783 740 2847 Dativus
763 2783 910 2868 ponitur,
937 2781 1010 2866 quia
1032 2782 1201 2847 nominatio
1225 2782 1263 2846 sd
1279 2783 1346 2848 illo-

329 2925 396 2968 rum
421 2902 567 2966 bonorem
591 2899 774 2986 pertinebst.

377 3023 451 3084 141.
497 3019 548 3084 Ibi
570 3041 642 3103 ergo
664 3017 861 3102 Tlepolemus
878 3017 996 3082 invenit
1013 3017 1199 3082 felicitatem.
1235 3019 1346 3097 Λύτρον

331 3138 453 3223 proprie
481 3142 528 3201 est
550 3136 684 3220 pretinm
705 3133 875 3199 redimendi
899 3135 1030 3218 captivi:
1055 3133 1108 3198 sed
1131 3133 1220 3198 facile
1244 3135 1281 3199 de
1305 3134 1347 3198 la-

331 3255 414 3319 boris
444 3253 578 3341 praemio
605 3253 653 3316 vel
675 3252 714 3316 (le
737 3253 988 3336 compensatione
1011 3252 1193 3316 calamitatis
1217 3252 1348 3328 dicitur,

331 3372 418 3436 velut
439 3371 477 3435 de
499 3370 678 3435 luctationis
701 3369 840 3434 mercede
857 3371 985 3446 πυγμᾶς
1002 3368 1109 3433 ἄποινα
1125 3391 1159 3431 vs
1175 3371 1235 3446 30,
1253 3391 1351 3451 quum

332 3489 366 3554 id
389 3487 572 3553 vocabulum
591 3488 625 3550 in
639 3486 827 3551 redemtione
844 3493 980 3570 ponatur
997 3485 1035 3549 sb
1051 3485 1187 3550 Homero
1203 3484 1242 3549 Il.
1259 3485 1276 3548 Ι
1294 3487 1352 3550 13ι

333 3605 466 3690 Chryses
489 3606 572 3670 venit

422 3722 579 3800 λυσόμενός
602 3747 637 3788 τε
659 3723 794 3801 θύγατρα
816 3721 910 3802 φέρων
931 3726 961 3786 τ’
989 3721 1129 3802 αὶαερεὶσι’
1152 3719 1269 3788 ἄποινα.

333 3842 439 3906 Simile
468 3847 515 3906 est
537 3841 639 3925 ipsum
663 3838 846 3904 vocabulum
867 3840 967 3913 ααινήε
992 3838 1074 3924 apud
1098 3837 1268 3904 Homerum
1292 3861 1353 3905 mo·

334 3965 493 4024 morantur
515 3959 587 4040 eqni
606 3956 876 4042 praestantissimi,
899 3977 976 4039 qnos
992 3955 1064 4019 'Proi
1080 3955 1198 4020 dederit
1213 3956 1351 4042 Jupiter,

336 4075 469 4161 pretium
492 4071 679 4157 Ganymedis
702 4073 799 4157 rapti:
823 4071 863 4136 Il.
889 4071 918 4133 V
942 4073 1005 4134 265

713 4193 791 4271 Tpol
813 4215 866 4271 περ
888 4191 1015 4270 εὐρύοπα
1037 4191 1110 4263 Ζεὺς

601 4308 675 4388 ³032(
698 4303 755 4379 υἷος
779 4310 877 4383 ποινὴν
899 4309 1090 4386 Γανυμήδεος.

339 4425 380 4488 ut
401 4433 505 4488 noster
527 4424 609 4490 idem
635 4424 836 4504 vocabulum,
861 4426 951 4510 plane
966 4426 1072 4490 eodem
1085 4425 1176 4490 modo
1188 4431 1280 4511 atque
1293 4424 1351 4489 hoo
