<?xml version="1.0" encoding="UTF-8"?>
<!DOCTYPE html PUBLIC "-//W3C//DTD XHTML 1.0 Transitional//EN"
    "http://www.w3.org/TR/xhtml1/DTD/xhtml1-transitional.dtd">
<html xmlns="http://www.w3.org/1999/xhtml" xml:lang="en" lang="en">
 <head>
  <title>
</title>
<meta http-equiv="Content-Type" content="text/html;charset=utf-8" />
  <meta name='ocr-system' content='tesseract 3.04.00' />
  <meta name='ocr-capabilities' content='ocr_page ocr_carea ocr_par ocr_line ocrx_word'/>
</head>
<body>
  <div class='ocr_page' id='page_1' title='image "./pindaricarminao01pindgoog_0257.png"; bbox 0 0 3725 5542; ppageno 0'>
   <div class='ocr_carea' id='block_1_1' title="bbox 875 719 939 779">
    <p class='ocr_par' dir='ltr' id='par_1_1' title="bbox 875 719 939 779">
     <span class='ocr_line' id='line_1_1' title="bbox 875 719 939 779; baseline 0.031 -2"><span class='ocrx_word' id='word_1_1' title='bbox 875 719 939 779; x_wconf 69' lang='lat'><strong>243</strong></span> 
     </span>
    </p>
   </div>
   <div class='ocr_carea' id='block_1_2' title="bbox 395 918 1410 1005">
    <p class='ocr_par' dir='ltr' id='par_1_2' title="bbox 395 918 1410 1005">
     <span class='ocr_line' id='line_1_2' title="bbox 395 918 1410 1005; baseline 0.001 -20"><span class='ocrx_word' id='word_1_2' title='bbox 395 928 426 985; x_wconf 89' lang='lat' dir='ltr'><strong>et</strong></span> <span class='ocrx_word' id='word_1_3' title='bbox 448 921 566 986; x_wconf 85' lang='lat' dir='ltr'><strong>marina</strong></span> <span class='ocrx_word' id='word_1_4' title='bbox 588 920 720 985; x_wconf 78' lang='lat' dir='ltr'><strong>Eleusis.</strong></span> <span class='ocrx_word' id='word_1_5' title='bbox 760 918 922 1004; x_wconf 79' lang='lat' dir='ltr'><strong>Quidquid</strong></span> <span class='ocrx_word' id='word_1_6' title='bbox 947 922 1058 985; x_wconf 77' lang='lat' dir='ltr'><strong>natura</strong></span> <span class='ocrx_word' id='word_1_7' title='bbox 1081 931 1143 999; x_wconf 88' lang='lat' dir='ltr'><strong>est,</strong></span> <span class='ocrx_word' id='word_1_8' title='bbox 1169 921 1321 1005; x_wconf 90' lang='lat' dir='ltr'><strong>optimum</strong></span> <span class='ocrx_word' id='word_1_9' title='bbox 1345 930 1410 986; x_wconf 84' lang='lat' dir='ltr'><strong>est:</strong></span> 
     </span>
    </p>
   </div>
   <div class='ocr_carea' id='block_1_3' title="bbox 393 1033 1413 1127">
    <p class='ocr_par' dir='ltr' id='par_1_3' title="bbox 393 1033 1413 1127">
     <span class='ocr_line' id='line_1_3' title="bbox 393 1033 1413 1127; baseline 0.004 -22"><span class='ocrx_word' id='word_1_10' title='bbox 393 1041 484 1105; x_wconf 88' lang='lat' dir='ltr'><strong>multi</strong></span> <span class='ocrx_word' id='word_1_11' title='bbox 519 1041 678 1107; x_wconf 90' lang='lat' dir='ltr'><strong>hominum</strong></span> <span class='ocrx_word' id='word_1_12' title='bbox 711 1042 896 1119; x_wconf 87' lang='lat' dir='ltr'><strong>virtutibus,</strong></span> <span class='ocrx_word' id='word_1_13' title='bbox 933 1065 1009 1126; x_wconf 72' lang='lat' dir='ltr'><strong>quas</strong></span> <span class='ocrx_word' id='word_1_14' title='bbox 1046 1042 1243 1120; x_wconf 83' lang='lat' dir='ltr'><strong>didicerunt,</strong></span> <span class='ocrx_word' id='word_1_15' title='bbox 1280 1033 1413 1127; x_wconf 77' lang='lat' dir='ltr'>gloriam</span> 
     </span>
    </p>
   </div>
   <div class='ocr_carea' id='block_1_4' title="bbox 394 1158 1511 1955">
    <p class='ocr_par' dir='ltr' id='par_1_4' title="bbox 394 1158 1511 1955">
     <span class='ocr_line' id='line_1_4' title="bbox 394 1158 1414 1245; baseline 0.002 -20"><span class='ocrx_word' id='word_1_16' title='bbox 394 1182 500 1245; x_wconf 83' lang='lat' dir='ltr'><strong>capere</strong></span> <span class='ocrx_word' id='word_1_17' title='bbox 524 1158 712 1225; x_wconf 87' lang='lat' dir='ltr'><strong>studuerunt</strong></span> <span class='ocrx_word' id='word_1_18' title='bbox 717 1187 726 1237; x_wconf 91' lang='lat'>;</span> <span class='ocrx_word' id='word_1_19' title='bbox 750 1160 804 1224; x_wconf 84' lang='lat' dir='ltr'><strong>aed</strong></span> <span class='ocrx_word' id='word_1_20' title='bbox 827 1161 893 1225; x_wconf 89' lang='lat' dir='ltr'><strong>sine</strong></span> <span class='ocrx_word' id='word_1_21' title='bbox 913 1160 980 1224; x_wconf 88' lang='lat' dir='ltr'><strong>Deo</strong></span> <span class='ocrx_word' id='word_1_22' title='bbox 996 1160 1122 1245; x_wconf 80' lang='lat' dir='ltr'>quaevis</span> <span class='ocrx_word' id='word_1_23' title='bbox 1138 1184 1186 1225; x_wconf 90' lang='lat' dir='ltr'><strong>res</strong></span> <span class='ocrx_word' id='word_1_24' title='bbox 1201 1184 1263 1226; x_wconf 91' lang='lat' dir='ltr'><strong>non</strong></span> <span class='ocrx_word' id='word_1_25' title='bbox 1280 1162 1414 1227; x_wconf 78' lang='lat' dir='ltr'><strong>deterior</strong></span> 
     </span>
     <span class='ocr_line' id='line_1_5' title="bbox 395 1275 1413 1363; baseline 0.001 -22"><span class='ocrx_word' id='word_1_26' title='bbox 395 1286 458 1355; x_wconf 88' lang='lat' dir='ltr'><strong>est,</strong></span> <span class='ocrx_word' id='word_1_27' title='bbox 483 1278 508 1341; x_wconf 86' lang='lat' dir='ltr'><strong>ei</strong></span> <span class='ocrx_word' id='word_1_28' title='bbox 532 1276 649 1343; x_wconf 89' lang='lat' dir='ltr'><strong>siletur.</strong></span> <span class='ocrx_word' id='word_1_29' title='bbox 685 1276 765 1341; x_wconf 82' lang='lat' dir='ltr'><strong>Sunt</strong></span> <span class='ocrx_word' id='word_1_30' title='bbox 789 1275 904 1362; x_wconf 85' lang='lat' dir='ltr'>quippe</span> <span class='ocrx_word' id='word_1_31' title='bbox 927 1275 1005 1341; x_wconf 86' lang='lat' dir='ltr'><strong>aliae</strong></span> <span class='ocrx_word' id='word_1_32' title='bbox 1028 1277 1094 1341; x_wconf 82' lang='lat' dir='ltr'><strong>viae</strong></span> <span class='ocrx_word' id='word_1_33' title='bbox 1118 1276 1187 1341; x_wconf 88' lang='lat' dir='ltr'><strong>aliis</strong></span> <span class='ocrx_word' id='word_1_34' title='bbox 1203 1277 1326 1362; x_wconf 78' lang='lat' dir='ltr'><strong>longius</strong></span> <span class='ocrx_word' id='word_1_35' title='bbox 1343 1300 1413 1363; x_wconf 92' lang='lat' dir='ltr'><strong>pro·</strong></span> 
     </span>
     <span class='ocr_line' id='line_1_6' title="bbox 394 1395 1511 1481; baseline -0.001 -21"><span class='ocrx_word' id='word_1_36' title='bbox 394 1395 558 1475; x_wconf 69' lang='lat' dir='ltr'><strong>ducentas,</strong></span> <span class='ocrx_word' id='word_1_37' title='bbox 583 1417 685 1481; x_wconf 87' lang='lat' dir='ltr'><strong>neque</strong></span> <span class='ocrx_word' id='word_1_38' title='bbox 708 1417 770 1461; x_wconf 90' lang='lat' dir='ltr'><strong>una</strong></span> <span class='ocrx_word' id='word_1_39' title='bbox 793 1416 849 1459; x_wconf 93' lang='lat' dir='ltr'><strong>nos</strong></span> <span class='ocrx_word' id='word_1_40' title='bbox 877 1416 983 1460; x_wconf 88' lang='lat' dir='ltr'><strong>omnes</strong></span> <span class='ocrx_word' id='word_1_41' title='bbox 1007 1417 1056 1460; x_wconf 84' lang='lat' dir='ltr'><strong>ars</strong></span> <span class='ocrx_word' id='word_1_42' title='bbox 1079 1396 1234 1461; x_wconf 81' lang='lat' dir='ltr'><strong>nutritura</strong></span> <span class='ocrx_word' id='word_1_43' title='bbox 1257 1406 1313 1461; x_wconf 88' lang='lat' dir='ltr'><strong>est.</strong></span> <span class='ocrx_word' id='word_1_44' title='bbox 1359 1396 1412 1462; x_wconf 87' lang='lat' dir='ltr'><strong>Sa·</strong></span> <span class='ocrx_word' id='word_1_45' title='bbox 1449 1400 1511 1461; x_wconf 83' lang='lat' dir='ltr'><strong>leo</strong></span> 
     </span>
     <span class='ocr_line' id='line_1_7' title="bbox 395 1513 1412 1600; baseline 0.001 -21"><span class='ocrx_word' id='word_1_46' title='bbox 395 1514 511 1599; x_wconf 87' lang='lat' dir='ltr'><strong>pientia</strong></span> <span class='ocrx_word' id='word_1_47' title='bbox 541 1514 666 1599; x_wconf 89' lang='lat' dir='ltr'><strong>quidem</strong></span> <span class='ocrx_word' id='word_1_48' title='bbox 689 1513 785 1579; x_wconf 88' lang='lat' dir='ltr'><strong>ardus</strong></span> <span class='ocrx_word' id='word_1_49' title='bbox 808 1522 871 1577; x_wconf 88' lang='lat' dir='ltr'><strong>est:</strong></span> <span class='ocrx_word' id='word_1_50' title='bbox 902 1514 961 1578; x_wconf 90' lang='lat' dir='ltr'><strong>hoo</strong></span> <span class='ocrx_word' id='word_1_51' title='bbox 985 1536 1055 1577; x_wconf 88' lang='lat' dir='ltr'><strong>vero</strong></span> <span class='ocrx_word' id='word_1_52' title='bbox 1079 1513 1219 1579; x_wconf 86' lang='lat' dir='ltr'><strong>adferens</strong></span> <span class='ocrx_word' id='word_1_53' title='bbox 1242 1516 1412 1600; x_wconf 89' lang='lat' dir='ltr'><strong>praemium</strong></span> 
     </span>
     <span class='ocr_line' id='line_1_8' title="bbox 394 1629 1412 1710; baseline 0.002 -13"><span class='ocrx_word' id='word_1_54' title='bbox 394 1632 456 1697; x_wconf 89' lang='lat' dir='ltr'><strong>alte</strong></span> <span class='ocrx_word' id='word_1_55' title='bbox 490 1632 588 1697; x_wconf 90' lang='lat' dir='ltr'><strong>olama</strong></span> <span class='ocrx_word' id='word_1_56' title='bbox 623 1632 737 1710; x_wconf 89' lang='lat' dir='ltr'><strong>fidens,</strong></span> <span class='ocrx_word' id='word_1_57' title='bbox 773 1632 857 1696; x_wconf 92' lang='lat' dir='ltr'><strong>huno</strong></span> <span class='ocrx_word' id='word_1_58' title='bbox 889 1630 989 1696; x_wconf 84' lang='lat' dir='ltr'><strong>virum</strong></span> <span class='ocrx_word' id='word_1_59' title='bbox 1020 1629 1169 1696; x_wconf 83' lang='lat' dir='ltr'><strong>divinitus</strong></span> <span class='ocrx_word' id='word_1_60' title='bbox 1201 1633 1317 1698; x_wconf 85' lang='lat' dir='ltr'><strong>laetum</strong></span> <span class='ocrx_word' id='word_1_61' title='bbox 1348 1656 1412 1699; x_wconf 84' lang='lat' dir='ltr'><strong>esse</strong></span> 
     </span>
     <span class='ocr_line' id='line_1_9' title="bbox 395 1749 1411 1835; baseline 0 -20"><span class='ocrx_word' id='word_1_62' title='bbox 395 1752 629 1829; x_wconf 84' lang='lat' dir='ltr'><strong>manufortem,</strong></span> <span class='ocrx_word' id='word_1_63' title='bbox 653 1750 797 1816; x_wconf 86' lang='lat' dir='ltr'><strong>membris</strong></span> <span class='ocrx_word' id='word_1_64' title='bbox 814 1749 965 1833; x_wconf 83' lang='lat' dir='ltr'><strong>habilem,</strong></span> <span class='ocrx_word' id='word_1_65' title='bbox 990 1751 1168 1835; x_wconf 85' lang='lat' dir='ltr'><strong>prodentem</strong></span> <span class='ocrx_word' id='word_1_66' title='bbox 1186 1753 1280 1817; x_wconf 85' lang='lat' dir='ltr'><strong>robur</strong></span> <span class='ocrx_word' id='word_1_67' title='bbox 1295 1753 1411 1830; x_wconf 87' lang='lat' dir='ltr'><strong>oeulis,</strong></span> 
     </span>
     <span class='ocr_line' id='line_1_10' title="bbox 395 1868 1408 1955; baseline 0.001 -22"><span class='ocrx_word' id='word_1_68' title='bbox 395 1870 510 1954; x_wconf 88' lang='lat' dir='ltr'><strong>quiquo</strong></span> <span class='ocrx_word' id='word_1_69' title='bbox 542 1871 685 1955; x_wconf 80' lang='lat' dir='ltr'><strong>Ajaeeam</strong></span> <span class='ocrx_word' id='word_1_70' title='bbox 717 1868 833 1934; x_wconf 87' lang='lat' dir='ltr'><strong>Iliadae</strong></span> <span class='ocrx_word' id='word_1_71' title='bbox 858 1890 941 1933; x_wconf 88' lang='lat' dir='ltr'><strong>aram</strong></span> <span class='ocrx_word' id='word_1_72' title='bbox 965 1869 1061 1933; x_wconf 87' lang='lat' dir='ltr'><strong>victor</strong></span> <span class='ocrx_word' id='word_1_73' title='bbox 1085 1869 1117 1932; x_wconf 92' lang='lat' dir='ltr'><strong>in</strong></span> <span class='ocrx_word' id='word_1_74' title='bbox 1141 1870 1219 1933; x_wconf 83' lang='lat' dir='ltr'><strong>festo</strong></span> <span class='ocrx_word' id='word_1_75' title='bbox 1243 1872 1408 1935; x_wconf 77' lang='lat' dir='ltr'><strong>coronavit.</strong></span> 
     </span>
    </p>
   </div>
   <div class='ocr_carea' id='block_1_5' title="bbox 809 2144 1001 2156">
    <p class='ocr_par' dir='ltr' id='par_1_5' title="bbox 809 2144 1001 2156">
     <span class='ocr_line' id='line_1_11' title="bbox 809 2144 1001 2156; baseline 0.005 -1"><span class='ocrx_word' id='word_1_76' title='bbox 809 2144 1001 2156; x_wconf 55' lang='lat' dir='ltr'>w</span> 
     </span>
    </p>
   </div>
   <div class='ocr_carea' id='block_1_6' title="bbox 769 2340 1040 2407">
    <p class='ocr_par' dir='ltr' id='par_1_6' title="bbox 769 2340 1040 2407">
     <span class='ocr_line' id='line_1_12' title="bbox 769 2340 1040 2407; baseline 0.007 -3"><span class='ocrx_word' id='word_1_77' title='bbox 769 2340 965 2405; x_wconf 83' lang='lat' dir='ltr'>OLYMPIA</span> <span class='ocrx_word' id='word_1_78' title='bbox 1000 2342 1040 2407; x_wconf 88' lang='lat' dir='ltr'><strong>X.</strong></span> 
     </span>
    </p>
   </div>
   <div class='ocr_carea' id='block_1_7' title="bbox 626 2598 1177 2656">
    <p class='ocr_par' dir='ltr' id='par_1_7' title="bbox 626 2598 1177 2656">
     <span class='ocr_line' id='line_1_13' title="bbox 626 2598 1177 2656; baseline 0.002 -14"><span class='ocrx_word' id='word_1_79' title='bbox 626 2598 808 2643; x_wconf 76' lang='lat' dir='ltr'><strong>aeeslnnuo</strong></span> <span class='ocrx_word' id='word_1_80' title='bbox 831 2598 932 2643; x_wconf 77' lang='lat' dir='ltr'>LOORO</span> <span class='ocrx_word' id='word_1_81' title='bbox 955 2598 1177 2656; x_wconf 67' lang='lat' dir='ltr'><strong>semmurum,</strong></span> 
     </span>
    </p>
   </div>
   <div class='ocr_carea' id='block_1_8' title="bbox 788 2816 1017 2899">
    <p class='ocr_par' dir='ltr' id='par_1_8' title="bbox 788 2816 1017 2899">
     <span class='ocr_line' id='line_1_14' title="bbox 788 2816 1017 2899; baseline 0.004 -19"><span class='ocrx_word' id='word_1_82' title='bbox 788 2816 886 2881; x_wconf 82' lang='lat' dir='ltr'><strong>Puero</strong></span> <span class='ocrx_word' id='word_1_83' title='bbox 907 2816 1017 2899; x_wconf 70' lang='lat' dir='ltr'><strong>popili.</strong></span> 
     </span>
    </p>
   </div>
   <div class='ocr_carea' id='block_1_9' title="bbox 395 3052 1487 4445">
    <p class='ocr_par' dir='ltr' id='par_1_9' title="bbox 395 3052 1487 4445">
     <span class='ocr_line' id='line_1_15' title="bbox 441 3052 1410 3140; baseline 0.002 -23"><span class='ocrx_word' id='word_1_84' title='bbox 441 3052 602 3140; x_wconf 79' lang='lat' dir='ltr'><strong>Olympiae</strong></span> <span class='ocrx_word' id='word_1_85' title='bbox 633 3053 779 3118; x_wconf 85' lang='lat' dir='ltr'><strong>viatorem</strong></span> <span class='ocrx_word' id='word_1_86' title='bbox 811 3054 936 3117; x_wconf 84' lang='lat' dir='ltr'><strong>recitate</strong></span> <span class='ocrx_word' id='word_1_87' title='bbox 967 3053 1043 3118; x_wconf 90' lang='lat' dir='ltr'><strong>mihi</strong></span> <span class='ocrx_word' id='word_1_88' title='bbox 1074 3054 1265 3119; x_wconf 84' lang='lat' dir='ltr'><strong>Archestrati</strong></span> <span class='ocrx_word' id='word_1_89' title='bbox 1292 3054 1410 3131; x_wconf 88' lang='lat' dir='ltr'><strong>filium,</strong></span> 
     </span>
     <span class='ocr_line' id='line_1_16' title="bbox 396 3172 1409 3258; baseline 0.004 -21"><span class='ocrx_word' id='word_1_90' title='bbox 396 3174 450 3239; x_wconf 90' lang='lat' dir='ltr'><strong>ubi</strong></span> <span class='ocrx_word' id='word_1_91' title='bbox 480 3196 565 3238; x_wconf 87' lang='lat' dir='ltr'><strong>meae</strong></span> <span class='ocrx_word' id='word_1_92' title='bbox 592 3172 704 3239; x_wconf 89' lang='lat' dir='ltr'><strong>mentis</strong></span> <span class='ocrx_word' id='word_1_93' title='bbox 736 3174 903 3258; x_wconf 86' lang='lat' dir='ltr'><strong>inscriptus</strong></span> <span class='ocrx_word' id='word_1_94' title='bbox 927 3173 985 3236; x_wconf 91' lang='lat' dir='ltr'><strong>sit:</strong></span> <span class='ocrx_word' id='word_1_95' title='bbox 1017 3173 1107 3237; x_wconf 88' lang='lat' dir='ltr'><strong>duloe</strong></span> <span class='ocrx_word' id='word_1_96' title='bbox 1131 3174 1213 3238; x_wconf 90' lang='lat' dir='ltr'><strong>enim</strong></span> <span class='ocrx_word' id='word_1_97' title='bbox 1237 3175 1265 3238; x_wconf 89' lang='lat' dir='ltr'><strong>ei</strong></span> <span class='ocrx_word' id='word_1_98' title='bbox 1288 3198 1409 3241; x_wconf 82' lang='lat' dir='ltr'><strong>carmen</strong></span> 
     </span>
     <span class='ocr_line' id='line_1_17' title="bbox 397 3288 1411 3369; baseline 0.002 -14"><span class='ocrx_word' id='word_1_99' title='bbox 397 3288 511 3355; x_wconf 89' lang='lat' dir='ltr'><strong>debens</strong></span> <span class='ocrx_word' id='word_1_100' title='bbox 535 3290 651 3355; x_wconf 89' lang='lat' dir='ltr'><strong>oblitus</strong></span> <span class='ocrx_word' id='word_1_101' title='bbox 675 3312 753 3355; x_wconf 87' lang='lat' dir='ltr'><strong>snm.</strong></span> <span class='ocrx_word' id='word_1_102' title='bbox 793 3290 909 3355; x_wconf 88' lang='lat' dir='ltr'><strong>Verum</strong></span> <span class='ocrx_word' id='word_1_103' title='bbox 931 3299 986 3367; x_wconf 91' lang='lat' dir='ltr'><strong>tu,</strong></span> <span class='ocrx_word' id='word_1_104' title='bbox 1011 3290 1159 3369; x_wconf 87' lang='lat' dir='ltr'><strong>oMusa,</strong></span> <span class='ocrx_word' id='word_1_105' title='bbox 1183 3299 1215 3356; x_wconf 91' lang='lat' dir='ltr'><strong>et</strong></span> <span class='ocrx_word' id='word_1_106' title='bbox 1241 3292 1304 3357; x_wconf 89' lang='lat' dir='ltr'><strong>filia</strong></span> <span class='ocrx_word' id='word_1_107' title='bbox 1325 3293 1411 3358; x_wconf 85' lang='lat' dir='ltr'><strong>lovis</strong></span> 
     </span>
     <span class='ocr_line' id='line_1_18' title="bbox 396 3409 1411 3497; baseline 0.004 -24"><span class='ocrx_word' id='word_1_108' title='bbox 396 3411 526 3487; x_wconf 83' lang='lat' dir='ltr'><strong>veritas,</strong></span> <span class='ocrx_word' id='word_1_109' title='bbox 558 3420 656 3475; x_wconf 89' lang='lat' dir='ltr'><strong>erecta</strong></span> <span class='ocrx_word' id='word_1_110' title='bbox 677 3432 782 3485; x_wconf 80' lang='lat' dir='ltr'><strong>,mann</strong></span> <span class='ocrx_word' id='word_1_111' title='bbox 815 3418 913 3475; x_wconf 85' lang='lat' dir='ltr'><strong>arcete</strong></span> <span class='ocrx_word' id='word_1_112' title='bbox 937 3409 1089 3473; x_wconf 81' lang='lat' dir='ltr'><strong>mendacii</strong></span> <span class='ocrx_word' id='word_1_113' title='bbox 1116 3411 1304 3496; x_wconf 83' lang='lat' dir='ltr'><strong>vituperium</strong></span> <span class='ocrx_word' id='word_1_114' title='bbox 1328 3413 1411 3497; x_wconf 93' lang='lat' dir='ltr'><strong>quod</strong></span> 
     </span>
     <span class='ocr_line' id='line_1_19' title="bbox 396 3526 1410 3615; baseline 0.002 -22"><span class='ocrx_word' id='word_1_115' title='bbox 396 3527 537 3593; x_wconf 89' lang='lat' dir='ltr'><strong>laedebat</strong></span> <span class='ocrx_word' id='word_1_116' title='bbox 563 3528 725 3613; x_wconf 82' lang='lat' dir='ltr'><strong>hospitem.</strong></span> <span class='ocrx_word' id='word_1_117' title='bbox 772 3526 853 3592; x_wconf 88' lang='lat' dir='ltr'><strong>Nam</strong></span> <span class='ocrx_word' id='word_1_118' title='bbox 885 3550 901 3593; x_wconf 92' lang='lat' dir='ltr'><strong>e</strong></span> <span class='ocrx_word' id='word_1_119' title='bbox 932 3528 1103 3614; x_wconf 83' lang='lat' dir='ltr'><strong>longinquo</strong></span> <span class='ocrx_word' id='word_1_120' title='bbox 1134 3528 1259 3594; x_wconf 84' lang='lat' dir='ltr'><strong>advenit</strong></span> <span class='ocrx_word' id='word_1_121' title='bbox 1289 3539 1410 3615; x_wconf 87' lang='lat' dir='ltr'><strong>tempus</strong></span> 
     </span>
     <span class='ocr_line' id='line_1_20' title="bbox 396 3644 1487 3733; baseline -0.002 -21"><span class='ocrx_word' id='word_1_122' title='bbox 396 3648 554 3725; x_wconf 83' lang='lat' dir='ltr'><strong>futurum,</strong></span> <span class='ocrx_word' id='word_1_123' title='bbox 585 3668 751 3731; x_wconf 89' lang='lat' dir='ltr'><strong>meumque</strong></span> <span class='ocrx_word' id='word_1_124' title='bbox 778 3668 848 3711; x_wconf 87' lang='lat' dir='ltr'><strong>eum</strong></span> <span class='ocrx_word' id='word_1_125' title='bbox 872 3644 1041 3731; x_wconf 83' lang='lat' dir='ltr'><strong>ignominia</strong></span> <span class='ocrx_word' id='word_1_126' title='bbox 1064 3646 1200 3731; x_wconf 89' lang='lat' dir='ltr'><strong>prodidit</strong></span> <span class='ocrx_word' id='word_1_127' title='bbox 1223 3649 1411 3733; x_wconf 82' lang='lat' dir='ltr'><strong>profundum</strong></span> <span class='ocrx_word' id='word_1_128' title='bbox 1451 3651 1487 3711; x_wconf 87' lang='lat' dir='ltr'><strong>lo</strong></span> 
     </span>
     <span class='ocr_line' id='line_1_21' title="bbox 395 3763 1411 3851; baseline 0.001 -21"><span class='ocrx_word' id='word_1_129' title='bbox 395 3766 545 3832; x_wconf 89' lang='lat' dir='ltr'><strong>debitum.</strong></span> <span class='ocrx_word' id='word_1_130' title='bbox 592 3763 812 3831; x_wconf 78' lang='lat' dir='ltr'><strong>Verumtamen</strong></span> <span class='ocrx_word' id='word_1_131' title='bbox 838 3786 932 3831; x_wconf 91' lang='lat' dir='ltr'><strong>usura</strong></span> <span class='ocrx_word' id='word_1_132' title='bbox 955 3764 1073 3830; x_wconf 84' lang='lat' dir='ltr'><strong>solvere</strong></span> <span class='ocrx_word' id='word_1_133' title='bbox 1096 3773 1198 3851; x_wconf 89' lang='lat' dir='ltr'><strong>potest</strong></span> <span class='ocrx_word' id='word_1_134' title='bbox 1216 3788 1315 3832; x_wconf 88' lang='lat' dir='ltr'><strong>aerem</strong></span> <span class='ocrx_word' id='word_1_135' title='bbox 1332 3768 1411 3831; x_wconf 87' lang='lat' dir='ltr'><strong>ritu·</strong></span> 
     </span>
     <span class='ocr_line' id='line_1_22' title="bbox 395 3881 1410 3973; baseline -0.003 -23"><span class='ocrx_word' id='word_1_136' title='bbox 395 3881 583 3973; x_wconf 80' lang='lat' dir='ltr'><strong>perationem</strong></span> <span class='ocrx_word' id='word_1_137' title='bbox 615 3883 775 3948; x_wconf 88' lang='lat' dir='ltr'><strong>hominum</strong></span> <span class='ocrx_word' id='word_1_138' title='bbox 805 3905 903 3961; x_wconf 88' lang='lat' dir='ltr'><strong>nune,</strong></span> <span class='ocrx_word' id='word_1_139' title='bbox 942 3881 1076 3969; x_wconf 87' lang='lat' dir='ltr'><strong>lapidem</strong></span> <span class='ocrx_word' id='word_1_140' title='bbox 1107 3886 1223 3970; x_wconf 88' lang='lat' dir='ltr'><strong>jactum</strong></span> <span class='ocrx_word' id='word_1_141' title='bbox 1255 3884 1410 3969; x_wconf 91' lang='lat' dir='ltr'><strong>quomodo</strong></span> 
     </span>
     <span class='ocr_line' id='line_1_23' title="bbox 395 4001 1409 4089; baseline 0.002 -23"><span class='ocrx_word' id='word_1_142' title='bbox 395 4026 509 4089; x_wconf 87' lang='lat' dir='ltr'><strong>aequor</strong></span> <span class='ocrx_word' id='word_1_143' title='bbox 538 4002 638 4067; x_wconf 88' lang='lat' dir='ltr'><strong>fluens</strong></span> <span class='ocrx_word' id='word_1_144' title='bbox 669 4001 862 4087; x_wconf 85' lang='lat' dir='ltr'><strong>submerget:</strong></span> <span class='ocrx_word' id='word_1_145' title='bbox 899 4009 998 4086; x_wconf 90' lang='lat' dir='ltr'><strong>utque</strong></span> <span class='ocrx_word' id='word_1_146' title='bbox 1031 4023 1226 4068; x_wconf 80' lang='lat' dir='ltr'><strong>communem</strong></span> <span class='ocrx_word' id='word_1_147' title='bbox 1260 4003 1409 4069; x_wconf 88' lang='lat' dir='ltr'><strong>rationem</strong></span> 
     </span>
     <span class='ocr_line' id='line_1_24' title="bbox 395 4118 1409 4206; baseline 0.001 -21"><span class='ocrx_word' id='word_1_148' title='bbox 395 4121 547 4187; x_wconf 87' lang='lat' dir='ltr'><strong>solvemus</strong></span> <span class='ocrx_word' id='word_1_149' title='bbox 578 4121 610 4185; x_wconf 91' lang='lat' dir='ltr'><strong>in</strong></span> <span class='ocrx_word' id='word_1_150' title='bbox 638 4118 808 4205; x_wconf 86' lang='lat' dir='ltr'><strong>jucundam</strong></span> <span class='ocrx_word' id='word_1_151' title='bbox 839 4121 980 4206; x_wconf 85' lang='lat' dir='ltr'><strong>gratiam.</strong></span> <span class='ocrx_word' id='word_1_152' title='bbox 1028 4120 1152 4185; x_wconf 79' lang='lat' dir='ltr'><strong>lltenim</strong></span> <span class='ocrx_word' id='word_1_153' title='bbox 1183 4122 1257 4186; x_wconf 89' lang='lat' dir='ltr'><strong>oolit</strong></span> <span class='ocrx_word' id='word_1_154' title='bbox 1279 4120 1409 4187; x_wconf 69' lang='lat' dir='ltr'><strong>«lustitia</strong></span> 
     </span>
     <span class='ocr_line' id='line_1_25' title="bbox 395 4238 1410 4326; baseline 0.002 -21"><span class='ocrx_word' id='word_1_155' title='bbox 395 4241 549 4305; x_wconf 83' lang='lat' dir='ltr'><strong>civitatem</strong></span> <span class='ocrx_word' id='word_1_156' title='bbox 578 4238 746 4304; x_wconf 84' lang='lat' dir='ltr'><strong>Locrorum</strong></span> <span class='ocrx_word' id='word_1_157' title='bbox 778 4238 1015 4326; x_wconf 79' lang='lat' dir='ltr'><strong>Zephyriorum,</strong></span> <span class='ocrx_word' id='word_1_158' title='bbox 1039 4239 1186 4324; x_wconf 80' lang='lat' dir='ltr'><strong>cordique</strong></span> <span class='ocrx_word' id='word_1_159' title='bbox 1208 4241 1247 4305; x_wconf 92' lang='lat' dir='ltr'><strong>iis</strong></span> <span class='ocrx_word' id='word_1_160' title='bbox 1271 4249 1317 4305; x_wconf 89' lang='lat' dir='ltr'><strong>est</strong></span> <span class='ocrx_word' id='word_1_161' title='bbox 1342 4242 1410 4307; x_wconf 82' lang='lat' dir='ltr'><strong>Cal·</strong></span> 
     </span>
     <span class='ocr_line' id='line_1_26' title="bbox 395 4356 1485 4445; baseline 0.002 -22"><span class='ocrx_word' id='word_1_162' title='bbox 395 4360 479 4445; x_wconf 88' lang='lat' dir='ltr'><strong>liope</strong></span> <span class='ocrx_word' id='word_1_163' title='bbox 512 4366 543 4423; x_wconf 91' lang='lat' dir='ltr'><strong>et</strong></span> <span class='ocrx_word' id='word_1_164' title='bbox 578 4356 662 4423; x_wconf 89' lang='lat' dir='ltr'><strong>Mars</strong></span> <span class='ocrx_word' id='word_1_165' title='bbox 700 4380 829 4425; x_wconf 87' lang='lat' dir='ltr'><strong>aeneus:</strong></span> <span class='ocrx_word' id='word_1_166' title='bbox 865 4359 984 4445; x_wconf 81' lang='lat' dir='ltr'><strong>fugavit</strong></span> <span class='ocrx_word' id='word_1_167' title='bbox 1021 4358 1144 4445; x_wconf 76' lang='lat' dir='ltr'><strong>(lycaea</strong></span> <span class='ocrx_word' id='word_1_168' title='bbox 1178 4382 1282 4445; x_wconf 82' lang='lat' dir='ltr'><strong>pugna</strong></span> <span class='ocrx_word' id='word_1_169' title='bbox 1316 4361 1409 4425; x_wconf 89' lang='lat' dir='ltr'><strong>etiam</strong></span> <span class='ocrx_word' id='word_1_170' title='bbox 1444 4364 1485 4425; x_wconf 73' lang='lat'><strong>20</strong></span> 
     </span>
    </p>
   </div>
   <div class='ocr_carea' id='block_1_10' title="bbox 395 4476 1409 4654">
    <p class='ocr_par' dir='ltr' id='par_1_10' title="bbox 395 4476 1409 4654">
     <span class='ocr_line' id='line_1_27' title="bbox 395 4476 1409 4564; baseline -0.002 -21"><span class='ocrx_word' id='word_1_171' title='bbox 395 4480 551 4563; x_wconf 84' lang='lat' dir='ltr'><strong>ingentem</strong></span> <span class='ocrx_word' id='word_1_172' title='bbox 576 4476 750 4541; x_wconf 83' lang='lat' dir='ltr'><strong>Herculem.</strong></span> <span class='ocrx_word' id='word_1_173' title='bbox 788 4480 832 4541; x_wconf 86' lang='lat' dir='ltr'><strong>llo</strong></span> <span class='ocrx_word' id='word_1_174' title='bbox 856 4478 944 4564; x_wconf 81' lang='lat' dir='ltr'><strong>pugil</strong></span> <span class='ocrx_word' id='word_1_175' title='bbox 961 4477 1122 4562; x_wconf 77' lang='lat' dir='ltr'><strong>Olympiae</strong></span> <span class='ocrx_word' id='word_1_176' title='bbox 1138 4478 1236 4541; x_wconf 81' lang='lat' dir='ltr'><strong>victor</strong></span> <span class='ocrx_word' id='word_1_177' title='bbox 1252 4478 1316 4543; x_wconf 88' lang='lat' dir='ltr'><strong>Ilae</strong></span> <span class='ocrx_word' id='word_1_178' title='bbox 1332 4479 1409 4544; x_wconf 82' lang='lat' dir='ltr'><strong>ferat</strong></span> 
     </span>
     <span class='ocr_line' id='line_1_28' title="bbox 1237 4598 1291 4654; baseline 0.019 -1"><span class='ocrx_word' id='word_1_179' title='bbox 1237 4598 1291 4654; x_wconf 76' lang='lat'><strong>16·</strong></span> 
     </span>
    </p>
   </div>
   <div class='ocr_carea' id='block_1_11' title="bbox 0 0 1868 5542">
    <p class='ocr_par' dir='ltr' id='par_1_11' title="bbox 0 0 1868 5542">
     <span class='ocr_line' id='line_1_29' title="bbox 0 0 1868 5542; baseline 0 0"><span class='ocrx_word' id='word_1_180' title='bbox 0 0 1868 5542; x_wconf 95' lang='lat' dir='ltr'><strong> </strong></span> 
     </span>
    </p>
   </div>
  </div>
 </body>
</html>
