3725 5542
983 713 1047 774 370

512 910 606 996 Apud
630 909 868 989 Callimachum,
896 912 1010 999 Hymn.
1034 914 1066 976 iu
1091 912 1222 977 Dianam
1246 934 1279 974 vs
1303 912 1344 973 50
1368 907 1516 996 Cyclopes

667 1032 785 1108 insint
807 1034 958 1099 τετύκοντο
981 1032 1152 1099 Ποσειδάωνι
1175 1032 1337 1111 ποτὶοτρνν.

511 1149 695 1233 Pausanias,
726 1151 763 1217 L.
788 1151 852 1215 VH
883 1151 917 1217 C.
952 1151 1031 1215 XXI
1062 1152 1139 1215 oin
1161 1151 1199 1215 iis
1221 1148 1415 1226 nominibus,
1439 1171 1516 1233 quse

510 1266 658 1353 Neptuno
690 1271 870 1335 tribuuntur
897 1271 936 1335 sb
959 1270 1120 1347 omuibus,
1144 1270 1231 1355 ponit
1254 1291 1364 1333 nomen
1387 1272 1515 1343 Ἱππίου,

511 1396 542 1451 et
564 1411 582 1451 o
604 1388 757 1475 Pompho,
782 1391 987 1454 vetustissimo
1010 1390 1192 1475 hymnorum
1215 1388 1298 1473 opud
1317 1387 1516 1451 Athenienses

511 1516 651 1585 auctore,
676 1508 764 1572 illum
788 1508 889 1573 Deum
912 1508 1101 1593 appellatum
1123 1531 1189 1572 osse
1212 1516 1358 1587 memoret

665 1625 760 1693 ἵππων
782 1653 815 1692 τε
838 1629 950 1711 δωτῆρα
972 1635 1038 1693 νεῶν
1059 1630 1088 1693 τ’
1110 1628 1319 1708 impollutos.

508 1743 601 1829 Apud
632 1753 787 1825 nostrum,
821 1746 875 1831 Py.
908 1747 1023 1823 th,
1051 1746 1147 1811 Hiero
1166 1746 1271 1830 jungit
1293 1766 1387 1829 equos
1411 1743 1515 1807 currui

509 1862 665 1927 victoriam
689 1863 852 1929 habiturus

706 1984 896 2062 ὀρσοτρίαιναν
918 1983 1055 2064 εὐρυβίαν
1077 1983 1189 2048 καλέων
1210 1982 1280 2047 θεόν.

508 2098 665 2184 Equorum
703 2108 804 2164 sutem
840 2102 963 2165 nomine
997 2102 1173 2165 universum
1207 2097 1383 2186 hujusmodi
1417 2120 1514 2181 genus

507 2216 672 2301 significari
695 2217 809 2295 videri,
834 2241 930 2304 quum
954 2220 1063 2283 fuisset
1087 2218 1214 2283 victoria
1236 2216 1347 2281 rhedae
1369 2214 1512 2291 molaris,

508 2334 547 2399 ed
571 2334 621 2400 01.
645 2335 691 2399 IV
716 2339 757 2399 22
783 2337 1018 2423 disputavimus.

553 2456 605 2519 51.
639 2455 767 2533 εὔθυμον.
801 2454 897 2541 Jungi
920 2466 1022 2542 potest
1044 2479 1112 2520 oum
1136 2466 1246 2535 γῆρας,
1270 2477 1340 2519 oum
1353 2452 1512 2529 τελευτάν,

505 2594 575 2637 oum
596 2598 640 2637 οε.
685 2573 877 2639 Postremum
903 2598 1007 2640 verum
1031 2598 1096 2639 esse
1115 2574 1231 2659 judico.
1255 2572 1338 2651 Neo,
1362 2580 1513 2656 quantum

503 2691 583 2769 seio,
608 2715 744 2777 uuquam
768 2693 806 2758 de
829 2693 920 2759 robus
945 2695 1003 2758 hoe
1025 2694 1207 2778 adjectivum
1220 2693 1359 2778 ponitur,
1373 2691 1514 2755 sedsem-

503 2808 617 2895 perde
640 2810 834 2901 hominibus,
858 2813 918 2876 nisi
942 2812 1069 2876 fortasse
1092 2811 1184 2875 semel
1207 2810 1290 2895 apud
1308 2808 1511 2892 Aeschylum,

502 2927 576 3013 Sup.
601 2932 664 2992 959

675 3055 680 3066 “
702 3046 822 3125 εὔθυμον
844 3049 921 3112 ἐστιν
944 3049 1078 3119 εὐτύκους
1101 3049 1187 3113 ναίειν
1209 3048 1311 3123 δόμους

704 3172 819 3231 πολλῶν
841 3170 909 3243 μετ’
931 3166 1048 3231 ἄλλων·

502 3281 556 3347 ubi
579 3305 687 3369 nempe
714 3283 833 3348 codices
864 3284 979 3350 labent
1001 3287 1149 3362 εὐθυμεῖν,
1174 3293 1205 3347 et
1227 3283 1280 3347 alii
1303 3282 1390 3346 aliter
1412 3282 1512 3365 conje-

501 3412 618 3466 cerunt.
666 3401 810 3468 Ceterum
836 3404 868 3467 in
892 3404 1144 3490 interpretatione
1166 3401 1279 3466 Latine
1300 3402 1358 3465 hoo
1381 3398 1510 3464 vocobu-

500 3519 565 3583 lum
588 3543 650 3584 non
674 3522 747 3585 setis
771 3521 848 3586 berre
872 3523 1021 3607 expressi,
1044 3521 1180 3585 scribens
1204 3520 1284 3584 bono
1308 3521 1425 3583 animo:
1450 3540 1511 3581 me·

500 3638 561 3703 lius
584 3640 685 3704 iuerat
706 3639 788 3705 loeto
812 3641 858 3705 vel
882 3641 974 3705 hilari
997 3641 1108 3705 animo.

547 3760 598 3820 52.
634 3760 663 3829 ἐς
693 3760 845 3824 τελεοτοὶν.
882 3758 1020 3843 Heyuius
1053 3759 1127 3822 haec
1151 3757 1310 3843 oonjungit
1331 3778 1400 3821 oum
1424 3780 1508 3836 παρο-

501 3874 661 3951 οταμένων.
708 3876 966 3963 conjungendum
990 3900 1055 3941 esse
1077 3876 1199 3941 videtur
1221 3897 1291 3939 oum
1314 3874 1419 3956 φέρειν.
1446 3885 1509 3939 Πα·

499 3995 676 4073 ροοταμὲνων
718 4017 787 4059 oum
828 4002 893 4059 tota
931 3996 1083 4059 sententia
1112 3995 1310 4079 conjunctum
1341 4001 1404 4057 est:
1436 3992 1507 4056 filis

499 4110 689 4177 adstantibus
713 4121 745 4177 et
767 4114 937 4177 senescenti
959 4121 991 4177 et
1013 4114 1079 4177 seni
1101 4121 1132 4177 et
1154 4112 1306 4177 morienti.

543 4236 594 4295 54.
627 4234 750 4309 ὑγίεντα
771 4232 868 4309 ὄλβον.
896 4232 1015 4309 Ὅλβος
1039 4232 1077 4296 de
1099 4233 1174 4317 ipsis
1193 4231 1308 4295 divitiis
1323 4230 1507 4315 quandoque

495 4347 624 4414 dieitur:
661 4352 704 4415 sio
735 4352 799 4437 ipse
834 4351 883 4414 hio
914 4350 1001 4428 ὄλβος
1032 4351 1235 4436 explitsretur
1265 4372 1319 4435 per
1348 4350 1507 4434 sequentia

496 4466 634 4547 ἐξαρκέων
657 4470 830 4547 κτεάτεσσι,
865 4492 920 4534 neo
944 4470 1120 4555 conjunctio
1144 4469 1363 4555 interponitur,
1388 4491 1449 4554 qua
1471 4490 1507 4531 ea
