3725 5542
818 722 882 785 301

342 926 448 991 aimus.
506 923 681 1008 Hesychius
720 922 814 986 babet
857 920 1027 1001 κεκριμένη,
1070 921 1191 1001 σαφὴς,
1234 920 1361 994 addeum.

341 1044 514 1129 Theognis,
540 1044 604 1107 878

445 1160 508 1227 οὐδὲ
529 1184 558 1225 τι
582 1158 743 1239 κεκριμένον
767 1156 836 1237 πρὸς
860 1157 993 1235 δαίμονός
1017 1158 1079 1222 ἐστι
1103 1156 1260 1237 βροτοῖσιν,

491 1277 549 1343 oct’
572 1277 651 1353 tter,
676 1274 708 1351 liv
730 1301 775 1349 τις
799 1273 1145 1341 revelaverimus.

388 1395 489 1460 Iltiam
521 1394 603 1481 apud
634 1393 762 1459 Latinos
794 1393 993 1478 participium
1024 1391 1201 1477 exploratus
1233 1391 1360 1456 eandem

343 1513 598 1599 significationem
629 1512 721 1577 habet
752 1533 845 1597 quam
877 1511 1062 1596 adjectivum
1090 1519 1201 1575 certus.
1245 1512 1363 1576 Ὅπιτε

344 1633 566 1717 significatione
597 1631 731 1709 causali,
764 1638 800 1695 ut
831 1630 923 1694 etiam
952 1628 1077 1714 quando
1107 1628 1189 1714 apud
1213 1627 1361 1706 Latinos,

346 1752 471 1836 ponitur
494 1750 533 1815 ab
556 1748 662 1815 eodem
689 1752 751 1815 727

434 1872 479 1943 rie
502 1868 536 1945 tt
559 1868 609 1934 sal
632 1868 735 1947 βροτὸς
758 1866 849 1941 ἄλλος
872 1868 939 1946 δρῶν
962 1867 1032 1947 πρὸς
1053 1873 1169 1945 τοῦτον,
1193 1867 1298 1932 ἔπειτα

480 1984 571 2068 ἕζοντ’
592 1985 771 2061 Mandrum,
794 1985 844 2051 ιιινὶ
868 1986 937 2050 rinc
959 1984 1046 2063 θυμὸν
1068 1985 1150 2064 ἔχοι,

436 2103 543 2171 dunc!
566 2105 635 2185 civim
658 2102 754 2177 ἄδικος
777 2103 826 2167 ml
850 2101 1021 2175 ἀτάσθαλος
1043 2139 1089 2151 -

437 2222 562 2303 ὑβρίζει,
586 2222 704 2302 πλούτῳ
727 2222 919 2301 κεκορημένος.

394 2344 446 2405 60.
481 2342 597 2420 ἀτειρεῖ.
633 2340 760 2426 Proprie
794 2338 832 2403 de
867 2340 947 2403 ferro
982 2348 1013 2404 et
1047 2339 1201 2405 similibus
1232 2340 1365 2417 dicitur,

348 2482 427 2545 quae
451 2459 550 2543 frangi
573 2467 746 2545 nequeant,
770 2458 857 2523 velut
880 2458 964 2543 apud
987 2457 1173 2536 Homerum,
1189 2457 1258 2533 ,Od.
1283 2457 1368 2522 XIII

349 2581 413 2642 368
445 2579 562 2659 ἀτειρέα
592 2579 717 2659 χιιλιιὸν.
764 2576 925 2661 Exquisite
953 2577 1012 2641 hoc
1035 2577 1103 2641 loco
1126 2578 1262 2661 ponitur.
1310 2576 1367 2639 Est

349 2697 430 2760 enim
462 2695 596 2759 Pindaro
629 2695 805 2761 Herodotus
838 2695 930 2781 paulo
962 2695 1080 2759 tristior
1109 2695 1170 2760 lere
1202 2696 1234 2761 in
1264 2717 1367 2760 rerum

350 2815 554 2879 humanarum
584 2814 750 2900 fragilitate
782 2814 987 2899 deploranda:
1020 2821 1155 2879 attamen
1182 2814 1273 2899 longe
1297 2813 1368 2879 Piu-

350 2930 441 2995 darus
465 2939 585 3015 separat
607 2953 625 2994 a
640 2930 709 2994 Diis
725 2938 837 2995 sortem
856 2929 1037 3009 humanam,
1055 2930 1179 2994 illorum
1196 2937 1243 2995 est
1259 2929 1368 2993 ahenei

351 3048 427 3113 coeli
451 3046 538 3111 sedes
562 3048 698 3113 stabilis:
723 3070 779 3112 uos
803 3048 999 3133 ignoramus,
1024 3070 1086 3131 quo
1110 3069 1166 3111 nos
1191 3048 1284 3111 unius
1307 3046 1368 3110 diei

351 3188 416 3230 sors
440 3165 572 3231 ductura
595 3168 651 3231 sit:
677 3164 768 3233 Nem.
794 3165 840 3230 VI
863 3167 963 3231 initio.

398 3287 450 3349 65.
482 3284 553 3351 οὕτω
572 3323 618 3335 -
635 3285 737 3367 χρόνῳ.
770 3284 956 3349 Pronomiue
977 3284 1065 3349 τῶνδε
1085 3283 1276 3368 significatur
1295 3305 1371 3367 gens

352 3401 477 3467 Cadmi:
506 3403 660 3467 existimat
683 3402 885 3481 Karstenius,
910 3403 970 3467 hoc
993 3424 1163 3487 pronomen
1186 3401 1275 3485 quasi
1299 3423 1368 3465 cum

352 3528 510 3605 praesente
541 3520 801 3585 demonstratione
833 3520 970 3605 positum
998 3541 1078 3596 esse,
1102 3527 1264 3603 propterea
1286 3519 1370 3603 quod

351 3660 473 3703 carmen
496 3661 597 3703 coram
621 3639 776 3717 Therone,
801 3660 837 3703 ex
860 3638 915 3703 illa
935 3645 1026 3723 geute
1046 3637 1194 3714 oriundo,
1212 3644 1371 3701 cantatum

352 3756 405 3819 sit:
431 3754 463 3819 id
487 3754 571 3839 quod
595 3754 671 3819 mihi
695 3778 755 3820 nou
780 3755 903 3819 ridetur
925 3754 1095 3839 probabile.
1119 3792 1165 3803 —
1185 3754 1370 3839 Interpungi

353 3873 471 3938 solebat
488 3882 558 3959 post
575 3875 701 3953 πότμον,
722 3895 784 3938 non
801 3880 872 3959 post
886 3872 980 3954 ὄλβῳε
997 3873 1080 3956 quod
1099 3873 1226 3937 mutavi.
1250 3870 1372 3952 Quodsi

355 3992 437 4076 prior
466 3992 677 4077 interpunctio
708 3991 874 4069 retinetur,
907 3991 1093 4077 praepositio
1116 3993 1168 4057 σὺν
1191 3988 1276 4055 haud
1299 4012 1372 4054 sane

355 4109 525 4193 siguificare
549 4117 665 4195 potest,
691 4131 753 4175 una
776 4132 848 4174 cum
871 4109 1018 4175 felicitate
1041 4110 1155 4175 malum
1179 4107 1291 4173 adduci
1311 4108 1371 4173 alio

356 4233 510 4312 tempore,
543 4228 638 4312 idque
669 4226 922 4309 παλιντράπελον,
957 4249 1078 4291 versum
1109 4227 1141 4291 in
1173 4226 1371 4290 contrarium.

356 4342 434 4408 'Ium
468 4344 566 4428 igitur
600 4345 764 4431 significari
802 4343 926 4409 debebit
961 4367 997 4408 ea
1030 4344 1272 4430 praepositione,
1307 4364 1373 4407 esse

357 4462 483 4527 eandem
507 4470 634 4542 Μιῑριιν,
660 4486 737 4548 quae
756 4463 838 4527 laeta
857 4460 944 4525 dedit
964 4470 995 4525 et
1009 4463 1063 4526 dat
1078 4462 1187 4527 tristia.
1212 4460 1254 4524 Et
1269 4468 1371 4525 tamen
