3725 5542
725 1058 919 1163 OLYMPlA
949 1056 1024 1119 Vll.

717 1314 875 1359 nlsoonlu
900 1315 1020 1358 llll0D10
1028 1345 1036 1371 ,

819 1532 929 1614 aaut.

412 1776 552 1840 Pataram
583 1783 618 1838 11
649 1774 675 1837 si
706 1772 774 1856 quis
806 1772 916 1835 sumsit
947 1780 978 1834 et
1007 1771 1092 1834 intus
1124 1769 1195 1833 vitis
1221 1791 1289 1833 rore
1312 1791 1382 1854 spn-

368 1899 501 1955 mantem
525 1890 620 1953 donat
643 1888 811 1973 propinans
835 1885 1022 1951 adolescenti
1045 1905 1156 1968 genero
1180 1905 1197 1946 e
1220 1904 1313 1946 manu
1334 1881 1383 1946 be-

368 2010 480 2093 nigna,
513 2008 551 2071 de
583 2006 674 2071 domo
705 2007 737 2069 in
765 2004 909 2082 domum,
934 2014 1031 2067 totam
1054 2024 1195 2078 auream,
1220 2022 1283 2087 qua
1305 1999 1384 2064 nihil

368 2125 504 2213 possedit
528 2124 752 2211 praestantius,
769 2132 835 2187 tum
852 2123 884 2187 in
901 2121 1034 2186 convivii
1049 2121 1196 2206 gratiam,
1214 2127 1282 2183 tum
1298 2141 1383 2184 suam

368 2246 522 2309 honorans
548 2242 745 2320 affluitatem,
774 2242 867 2325 inque
889 2263 926 2305 eo
949 2240 1054 2305 amicis
1078 2238 1289 2324 praesentibus
1313 2260 1384 2303 eum
1423 2241 1461 2301 10

369 2361 570 2427 invidendum
600 2359 703 2425 reddit
733 2368 858 2444 propter
880 2379 1007 2423 concors
1029 2357 1235 2423 connubium:
1260 2358 1304 2421 sic
1327 2380 1383 2441 ego

367 2490 473 2548 nectar
503 2480 622 2556 fusum,
656 2479 772 2543 donum
795 2478 974 2557 Musarum,
999 2478 1135 2542 fructum
1157 2478 1286 2554 mentis,
1312 2477 1383 2540 viris

370 2601 496 2665 mittens
528 2600 583 2684 qui
613 2599 748 2683 praemia
775 2606 987 2683 reportarunt,
1011 2597 1065 2681 qui
1089 2594 1250 2681 Olympiae
1274 2603 1305 2659 et
1327 2594 1385 2679 Py·

370 2720 465 2783 thone
496 2719 624 2782 victores
656 2717 799 2795 luerunt,
831 2738 882 2781 eos
914 2716 1044 2781 oblecto.
1092 2713 1150 2779 llle
1181 2714 1289 2779 beatus
1321 2722 1384 2790 est,

369 2859 460 2922 quem
490 2835 571 2900 bona
598 2834 695 2922 gloria
718 2834 877 2921 complexa
900 2842 956 2899 cst.
1004 2834 1090 2899 Alias
1113 2833 1207 2897 alium
1232 2832 1313 2897 alma
1335 2831 1386 2896 ad-

368 2957 459 3043 spicit
492 2953 616 3031 Gratia,
648 2953 791 3019 dulcibus
823 2953 990 3018 identidem
1022 2953 1104 3017 sonis
1136 2952 1270 3017 citharae
1298 2951 1385 3016 tibia·
1420 2953 1461 3014 20

367 3092 500 3156 rumque
531 3096 602 3137 cum
632 3074 845 3137 instrumentis
877 3073 1005 3137 canoris.
1052 3072 1095 3136 Et
1124 3094 1206 3137 nuuc
1229 3094 1301 3136 cum
1325 3093 1386 3134 am·

370 3189 467 3254 bobus
502 3190 645 3256 descendi
681 3213 752 3255 cum
784 3191 932 3275 Diagora,
966 3190 1115 3255 marinam
1147 3213 1258 3255 canens
1291 3188 1384 3252 filiam

368 3306 515 3388 Veneris,
540 3310 681 3393 Solisque
705 3311 866 3395 conjugem
887 3309 1048 3393 Rhodum,
1066 3309 1138 3373 forti
1154 3318 1190 3373 ut
1205 3309 1386 3395 ingentique

370 3427 437 3491 viro
475 3427 513 3492 ad
546 3428 700 3513 Alpheum
731 3436 876 3493 coronato
900 3436 931 3493 et
953 3428 992 3493 ad
1016 3428 1179 3494 Castaliam
1203 3428 1326 3494 laudem
1350 3430 1390 3492 f-

368 3568 449 3624 ram,
474 3548 633 3633 pugilatus
657 3548 844 3633 praemium,
862 3558 892 3613 et
909 3550 988 3633 patri
1006 3550 1071 3635 ejus
1089 3548 1277 3634 Demageto,
1295 3571 1386 3633 quem
1423 3550 1465 3610 30

368 3673 449 3729 amat
471 3665 620 3743 lustitia,
645 3668 698 3750 qui
722 3667 834 3732 claram
859 3667 958 3733 tribus
982 3666 1111 3732 urbibus
1135 3667 1270 3732 insulam
1293 3690 1387 3753 prope

368 3790 499 3848 rostrum
534 3784 652 3870 amplae
684 3786 775 3850 Asiae
807 3785 948 3851 incolunt
979 3808 1049 3850 cum
1078 3787 1263 3871 Argivorum
1287 3784 1385 3850 hasta.

368 3900 491 3981 Quibus
523 3925 580 3987 ego
611 3903 711 3968 volam
743 3904 781 3969 ab
812 3905 901 3969 initio
932 3904 1152 3989 a‘l'lepolemo
1174 3904 1334 3989 divulgare
1358 3913 1388 3968 et

370 4042 565 4085 communem
586 4022 700 4106 erigere
723 4023 850 4101 famam,
868 4023 1012 4087 Herculis
1028 4026 1112 4108 genti
1130 4033 1282 4089 strenuae.
1307 4022 1388 4087 Nam
1423 4026 1465 4085 40

370 4147 496 4222 paterna
520 4140 637 4225 origine
661 4163 697 4205 ex
720 4140 796 4205 Jove
819 4164 884 4207 esse
908 4142 1096 4227 gloriantur,
1119 4151 1257 4208 materna
1274 4147 1387 4229 Amyn·

371 4258 488 4323 toridae
520 4284 555 4324 ex
593 4260 781 4345 Astydamia.
829 4264 872 4325 At
907 4263 1023 4326 circum
1058 4272 1176 4328 mentes
1211 4264 1388 4327 mortalium

370 4377 524 4443 innumeri
559 4402 673 4443 cruores
704 4382 844 4464 suspensi
876 4392 959 4445 suut.
1007 4381 1120 4445 Verum
1151 4381 1230 4446 illud
1261 4385 1387 4468 reperiri

370 4517 432 4560 non
464 4506 582 4582 potest,
614 4497 696 4580 quod
728 4507 865 4562 nuncet
890 4499 920 4563 iu
946 4500 1005 4563 linc
1030 4499 1149 4565 homini
1172 4502 1324 4586 optimum
1348 4502 1388 4565 sit
