3725 5542
833 727 896 789 397

359 922 425 990 VII
447 923 483 988 (l.
506 923 554 988 IV
576 927 607 988 4.
654 922 736 988 Eum
759 931 861 989 antem
877 923 1049 989 Imbrasum
1066 933 1157 991 antea
1171 926 1372 992 Parthenium

359 1042 477 1108 dictum
500 1043 611 1119 husee,
636 1051 667 1106 et
690 1040 807 1107 abillo
830 1042 928 1126 ipsam
952 1041 1085 1106 insulam
1110 1043 1306 1108 Per-themam
1323 1067 1373 1129 ao

360 1161 520 1245 pellatam,
544 1160 634 1224 docet
657 1159 767 1224 Strabo
789 1158 826 1223 L.
851 1159 880 1222 X
904 1182 934 1244 p.
959 1162 1035 1225 ι157.
1071 1159 1113 1224 Et
1129 1183 1165 1224 ex
1181 1160 1370 1226 Callimacho

360 1277 448 1341 affert
470 1277 635 1341 scholiasta
657 1285 745 1340 vetus
769 1275 807 1340 ad
831 1276 863 1340 h.
886 1275 909 1340 l.

537 1394 604 1458 cleri
627 1395 687 1474 γὰρ
709 1394 829 1468 ἐκλήθης
847 1393 998 1473 Ἴριβρρισε
1020 1395 1183 1472 Παρθενίου.

361 1510 548 1596 Apollonius
571 1511 630 1575 Rh.
654 1511 692 1575 L.
716 1511 734 1574 Ι
759 1513 843 1576 187=

671 1626 843 1708 Ἱνβννσίνρ
864 1625 927 1700 ἕδος
948 1630 1037 1708 Ἤρης

673 1746 837 1826 Παρθενίην.

360 1863 503 1942 Fortasse,
531 1863 605 1927 haec
637 1863 782 1928 memoria
813 1864 977 1948 conjuncta
1006 1864 1068 1927 fuit
1098 1885 1168 1927 cum
1192 1885 1284 1928 causa
1308 1864 1372 1948 ejus

359 1980 567 2066 cognominis,
591 1981 674 2064 quod
698 2002 717 2044 a
737 1979 832 2044 Poeta
846 1979 867 2044 J
869 1981 964 2045 unoni
979 1980 1135 2045 tribuitur.
1174 1980 1216 2045 Et
1232 1981 1270 2044 ad
1287 1979 1373 2045 Nau·

359 2099 452 2184 pliam
479 2098 540 2163 fuit
565 2099 634 2162 fons
657 2097 834 2175 Ganathus,
860 2097 913 2162 ubi
937 2097 1091 2162 Junonem
1116 2098 1225 2182 Argivi
1247 2104 1375 2162 narrant

360 2215 526 2301 quotannis
559 2215 655 2280 lavari
688 2224 719 2279 et
753 2216 901 2300 virginem
937 2215 1011 2280 ficei.
1059 2214 1190 2280 Pausan.
1218 2213 1255 2278 L.
1279 2213 1314 2278 II
1337 2213 1372 2280 C.

361 2333 538 2399 XXXVIII
568 2337 599 2398 2.
641 2333 757 2398 Verum
788 2332 849 2397 alia
878 2340 978 2398 exstat
1006 2333 1169 2410 memoria,
1193 2331 1373 2417 Stymphale

360 2452 456 2536 magia
481 2451 612 2536 proprio.
660 2448 742 2514 Nam
764 2449 848 2535 apud
872 2473 904 2514 se
927 2450 987 2534 ipsi
1010 2449 1195 2534 Stymphalii
1217 2447 1238 2512 J
1240 2471 1371 2513 uuonem

361 2570 521 2634 educatam
551 2591 615 2633 esse
643 2568 788 2633 dixerunt
811 2591 829 2631 a
850 2567 1002 2645 Temeno,
1027 2578 1058 2632 et
1080 2568 1140 2632 tria
1163 2567 1277 2652 templa
1300 2567 1373 2633 huic

361 2687 444 2751 Deae
459 2686 497 2752 ab
514 2709 550 2751 eo
565 2687 704 2765 condita,
721 2686 954 2772 cognominibus
969 2685 1069 2751 tribus
1085 2684 1214 2764 additis,
1232 2684 1373 2764 Puellae,

360 2826 456 2888 quum
477 2804 563 2888 virgo
586 2811 683 2880 esset,
706 2804 853 2882 Τελείας,
877 2825 974 2887 quum
997 2811 1095 2887 nupta
1117 2801 1206 2880 Jovi,
1231 2799 1370 2878 Viduee,

360 2944 456 3005 quum
478 2944 497 2985 a
517 2920 594 2985 Jove
617 2921 805 2986 discessisset
827 2929 858 2986 et
877 2918 1092 3005 Stymphalum
1109 2919 1258 2984 rediisset.
1295 2919 1375 2984 Pau·

360 3061 425 3102 san.
448 3037 486 3103 L.
502 3035 587 3102 VIII
609 3036 644 3103 C.
668 3037 766 3102 XXII
790 3044 820 3102 2.
868 3037 971 3121 Atque
1001 3037 1033 3100 in
1058 3035 1114 3100 hac
1138 3043 1239 3100 vetere
1261 3057 1376 3099 memo-

360 3156 406 3218 ria
440 3176 564 3219 causam
597 3176 664 3219 esse
697 3154 855 3230 existimo,
892 3176 947 3219 cur
977 3153 1091 3238 primas
1118 3151 1235 3217 Junoni
1267 3151 1374 3217 laudes

361 3272 457 3338 tribui
480 3272 576 3337 Poeta
598 3272 681 3336 velit.
729 3271 767 3335 In
798 3271 922 3335 scholiis
952 3271 1142 3356 cognominis
1166 3291 1258 3334 eausa
1281 3271 1373 3334 etiam

349 3391 492 3456 'refertur
512 3391 550 3455 ad
572 3399 704 3455 montem
722 3388 939 3453 Parthenium:
957 3395 1143 3452 memoratur
1159 3387 1266 3464 etiam,
1284 3409 1374 3471 quos·

360 3510 432 3574 dam
464 3509 594 3587 dixisse,
628 3507 666 3573 ab
690 3507 804 3592 Agesis
827 3507 950 3592 signum
973 3505 1106 3571 Junonis
1130 3505 1265 3590 positum
1288 3525 1371 3569 esse:

360 3626 413 3691 sed
436 3624 525 3691 nulla
546 3625 638 3711 hujus
662 3623 758 3689 famae
782 3623 908 3688 affertur
930 3624 1115 3700 auctoritas,
1139 3633 1170 3687 et
1193 3621 1314 3687 videtur
1338 3642 1373 3686 ea

359 3766 396 3809 ex
420 3744 569 3809 hocloco
592 3743 663 3807 ficta
685 3764 760 3806 esse.

409 3864 483 3925 151.
518 3866 634 3939 γνῶναι.
670 3857 842 3923 Scholiasta
868 3859 1019 3922 recentior
1042 3858 1201 3922 transitive
1224 3856 1373 3941 explicat,

360 3979 500 4058 γνώριμον
526 3987 660 4052 noricas:
684 3977 778 4062 idque
801 3979 941 4061 sequitur
964 3975 1120 4060 Heynius,
1145 3976 1301 4040 conferens
1321 3973 1373 4039 Ol.

359 4095 444 4161 XIII
466 4099 505 4160 8:
528 4117 592 4160 non
615 4105 696 4160 recta
713 4103 748 4160 ut
763 4095 864 4160 credo.
889 4094 922 4158 Si
938 4116 1082 4178 apparere
1098 4093 1219 4158 videtur
1235 4115 1268 4156 vs
1289 4093 1369 4172 153,

360 4216 485 4279 Aenean
508 4236 527 4277 a
549 4212 682 4277 Pindaro
705 4213 833 4277 missum
850 4233 916 4276 esse
932 4233 1002 4276 cum
1019 4210 1168 4275 carmine:
1186 4219 1219 4273 at
1234 4207 1371 4273 Ohorum
1478 4232 1480 4238 ·

360 4354 484 4418 quoque
514 4355 533 4396 a
562 4331 658 4396 Poeta
688 4331 815 4395 missum
840 4353 906 4396 esse
926 4339 957 4394 et
981 4352 997 4393 e
1020 4327 1174 4393 Thebanis
1197 4327 1372 4392 constitisse

362 4450 487 4515 minime
518 4459 660 4534 apparet,
688 4470 788 4533 neque
810 4447 842 4512 id
866 4445 1029 4511 verisimile
1052 4468 1118 4509 esse
1140 4443 1296 4508 existimo:
1322 4465 1374 4528 po·
