3725 5542
985 710 1049 768 sss

1017 928 1091 971 01010

554 1024 590 1087 ad
616 1047 648 1087 vs
673 1028 712 1086 25
737 1024 774 1089 de
800 909 1019 1110 [1900011010ιίθοΓ
1029 1034 1060 1087 et
1082 1023 1121 1087 de
1145 1024 1291 1088 Boecirhii
1316 1027 1475 1089 sententia.

557 1259 649 1339 Quod
681 1262 786 1346 scripsi
818 1262 850 1323 in
880 1262 1079 1325 annotatione
1102 1260 1141 1324 ad
1165 1284 1199 1323 vs
1223 1264 1281 1337 25,
1306 1261 1515 1339 Herodotum,

513 1378 680 1443 secundum
711 1378 833 1454 Delios,
866 1401 962 1464 quum
993 1378 1207 1463 Hyperboreos
1237 1402 1331 1464 supra
1360 1379 1515 1466 Scythiam

514 1500 648 1583 posuerit
671 1498 709 1562 ad
732 1497 1001 1583 Septentrionem,
1025 1500 1153 1563 fortasse
1168 1497 1325 1563 Orientem
1342 1521 1446 1563 versus
1466 1522 1516 1585 po

511 1618 575 1680 tius
604 1639 695 1701 quem
727 1616 924 1683 Occidentem
955 1641 1007 1681 eos
1039 1620 1193 1702 posuisse,
1225 1618 1256 1682 id
1289 1618 1515 1703 1011οω111100,

513 1736 613 1820 quod,
643 1736 677 1799 L.
702 1734 747 1800 lv
772 1736 806 1800 O.
831 1739 891 1815 33,
921 1759 1024 1813 sacra,
1048 1758 1144 1821 quum
1167 1760 1186 1799 0
1208 1737 1330 1821 Scythis
1353 1746 1455 1803 esseut
1477 1762 1513 1802 ex

515 1854 719 1940 Hyperboreis
748 1866 888 1942 accepta,
920 1878 1039 1941 semper
1068 1878 1086 1918 a
1118 1855 1225 1919 ricinis
1257 1864 1377 1941 portata
1403 1858 1517 1921 tuerint.

512 1973 709 2039 Occidentem
743 1998 848 2041 versus
882 1976 920 2039 ad
956 1976 1122 2041 Hadriam:
1162 1977 1188 2039 ei
1226 1976 1322 2059 igitur
1355 1976 1394 2040 ab
1427 1976 1517 2041 initio

512 2092 642 2157 eundem
666 2093 720 2157 illa
743 2114 866 2158 cursum
890 2093 1080 2169 habueruut,
1104 2094 1196 2157 etiam
1218 2092 1349 2177 Scythae
1372 2093 1417 2158 ita
1439 2094 1516 2159 inira

513 2209 724 2297 Hyperboreos
747 2212 890 2289 inerunt,
921 2221 957 2276 ut
979 2212 1168 2297 Hyperborei
1191 2210 1229 2275 ad
1253 2210 1411 2275 Orientem
1434 2234 1518 2296 sper·

512 2340 624 2393 tarent:
649 2353 752 2395 rerum
776 2354 871 2415 quum
895 2332 1011 2417 primus
1033 2332 1151 2395 itineris
1170 2352 1278 2394 cursus
1299 2330 1338 2395 ab
1358 2330 1516 2396 Herodoto

513 2470 573 2512 non
604 2450 808 2533 significetur,
845 2472 907 2515 rem
942 2472 1004 2515 000
1033 2450 1179 2535 dijudico.
1235 2448 1399 2513 Pindarum
1436 2460 1516 2513 certe

513 2590 605 2653 supra
635 2567 792 2631 Graeciam
823 2568 1036 2655 Hyperboreos
1060 2568 1195 2653 posuisse
1218 2576 1354 2653 apparet.
1402 2567 1517 2631 Verum

513 2686 686 2752 Boeckhius
710 2710 770 2753 nou
795 2686 998 2753 dubitandum
1022 2710 1088 2751 esse
1110 2686 1204 2761 dicit,
1234 2687 1309 2772 quin
1332 2708 1385 2751 eos
1406 2688 1439 2749 in
1461 2686 1519 2750 Oc·

512 2804 632 2869 cidente
655 2807 806 2891 posuerit:
837 2804 1006 2871 Hesiodum
1030 2816 1110 2869 certe
1133 2806 1166 2869 in
1189 2813 1326 2870 extremo
1350 2804 1518 2871 Occidente

514 2946 606 3009 prope
640 2924 783 2990 Herculis
818 2924 976 2991 columnus
1010 2946 1062 2989 eos
1097 2924 1250 3009 posuisse,
1285 2923 1379 3007 idque
1408 2924 1517 2987 eximie

512 3042 753 3108 demonstratum
788 3066 852 3109 asse
887 3044 926 3111 ab
960 3044 991 3108 J.
1023 3042 1063 3107 H.
1097 3042 1207 3109 Vossio
1237 3044 1269 3107 in
1299 3044 1517 3107 commentario

515 3161 585 3225 Alte
609 3160 816 3240 Weltkunde,
846 3162 875 3227 J.
901 3166 938 3227 A.
962 3162 998 3227 L.
1023 3162 1055 3226 Z.
1082 3164 1168 3227 1804
1190 3162 1225 3226 Τ.
1249 3160 1284 3225 Π
1306 3162 1407 3226 initio.
1450 3161 1517 3247 ligo

513 3278 600 3343 illum
634 3282 886 3345 commentarium
920 3281 1069 3366 inspicere
1105 3302 1167 3344 nou
1202 3280 1308 3365 potui:
1343 3302 1448 3343 verum
1480 3279 1518 3343 de

513 3398 617 3463 eadem
641 3423 672 3465 re
696 3401 776 3465 idem
796 3401 926 3467 Vossius
947 3400 1086 3486 disputat
1106 3400 1139 3464 iu
1154 3398 1401 3484 Mythologische
1417 3398 1517 3463 Briefe

513 3518 548 3582 Τ.
573 3518 605 3581 H
629 3542 658 3604 p.
690 3522 766 3597 114,
794 3522 874 3596 154,
902 3522 974 3584 156.
1020 3518 1052 3583 Si
1084 3518 1209 3602 quidem
1236 3518 1392 3602 disputsre
1418 3517 1518 3582 dicen·

514 3637 586 3701 dum
611 3646 658 3702 ost
680 3638 866 3703 confundere
889 3646 1061 3702 commenta
1082 3642 1115 3701 et
1136 3637 1262 3701 somnia

559 3756 670 3822 Scribit
701 3756 846 3834 Vossius,
877 3779 907 3841 p.
944 3757 1024 3833 114,
1055 3756 1094 3820 ab
1125 3753 1260 3820 Hesiodo
1288 3756 1321 3819 in
1348 3753 1515 3820 Occidente

515 3874 654 3960 Europae
684 3882 864 3939 memoratos
893 3896 959 3939 esse
980 3873 1171 3959 Tyrrhenos,
1200 3872 1345 3952 Latinos,
1368 3872 1515 3959 Ligures,

515 3992 743 4079 Hyperboreos,
768 3994 900 4080 gryphes
923 3992 1130 4079 Rhipaeorum
1152 3990 1407 4057 Occidentalium.
1451 3992 1516 4057 Has

515 4112 650 4196 quinque
677 4111 977 4176 commemorationes
999 4108 1127 4174 Hesiodi
1150 4110 1298 4174 concinne
1319 4110 1462 4195 copulat,
1487 4123 1516 4175 et

514 4230 705 4315 singularum
729 4228 816 4294 affert
839 4229 912 4294 11000
935 4228 1127 4294 documenta.

559 4348 783 4434 Tyrrhenorum
821 4348 853 4412 in
891 4347 1058 4412 Occidente
1099 4349 1260 4411 memoriae
1298 4347 1515 4413 documentum

514 4467 613 4532 Strab.
639 4467 653 4531 Ι
678 4490 706 4552 p.
733 4466 885 4545 101101.
910 4467 1014 4553 Apoll.
1038 4464 1090 4529 ΠΙ
1112 4468 1188 4531 308.
