<?xml version="1.0" encoding="UTF-8"?>
<!DOCTYPE html PUBLIC "-//W3C//DTD XHTML 1.0 Transitional//EN"
    "http://www.w3.org/TR/xhtml1/DTD/xhtml1-transitional.dtd">
<html xmlns="http://www.w3.org/1999/xhtml" xml:lang="en" lang="en">
 <head>
  <title>
</title>
<meta http-equiv="Content-Type" content="text/html;charset=utf-8" />
  <meta name='ocr-system' content='tesseract 3.04.00' />
  <meta name='ocr-capabilities' content='ocr_page ocr_carea ocr_par ocr_line ocrx_word'/>
</head>
<body>
  <div class='ocr_page' id='page_1' title='image "./pindaricarminao01pindgoog_0025.png"; bbox 0 0 3725 5542; ppageno 0'>
   <div class='ocr_carea' id='block_1_1' title="bbox 815 692 854 754">
    <p class='ocr_par' dir='ltr' id='par_1_1' title="bbox 815 692 854 754">
     <span class='ocr_line' id='line_1_1' title="bbox 815 692 854 754; baseline -0.026 0"><span class='ocrx_word' id='word_1_1' title='bbox 815 692 854 754; x_wconf 80' lang='lat'><strong>13</strong></span> 
     </span>
    </p>
   </div>
   <div class='ocr_carea' id='block_1_2' title="bbox 314 893 1343 1215">
    <p class='ocr_par' dir='ltr' id='par_1_2' title="bbox 314 893 1343 1215">
     <span class='ocr_line' id='line_1_2' title="bbox 314 893 1342 981; baseline -0.001 -21"><span class='ocrx_word' id='word_1_2' title='bbox 314 895 399 979; x_wconf 86' lang='lat' dir='ltr'><strong>regis</strong></span> <span class='ocrx_word' id='word_1_3' title='bbox 430 894 503 959; x_wconf 89' lang='lat' dir='ltr'><strong>iilia.</strong></span> <span class='ocrx_word' id='word_1_4' title='bbox 551 894 635 959; x_wconf 87' lang='lat' dir='ltr'><strong>Haec</strong></span> <span class='ocrx_word' id='word_1_5' title='bbox 666 900 768 959; x_wconf 90' lang='lat' dir='ltr'><strong>autem</strong></span> <span class='ocrx_word' id='word_1_6' title='bbox 797 916 860 957; x_wconf 90' lang='lat' dir='ltr'><strong>nou</strong></span> <span class='ocrx_word' id='word_1_7' title='bbox 884 893 1046 959; x_wconf 88' lang='lat' dir='ltr'><strong>muliebria</strong></span> <span class='ocrx_word' id='word_1_8' title='bbox 1069 918 1163 981; x_wconf 90' lang='lat' dir='ltr'><strong>opera</strong></span> <span class='ocrx_word' id='word_1_9' title='bbox 1184 902 1217 961; x_wconf 87' lang='lat' dir='ltr'><strong>et</strong></span> <span class='ocrx_word' id='word_1_10' title='bbox 1240 893 1342 960; x_wconf 91' lang='lat' dir='ltr'><strong>oblec-</strong></span> 
     </span>
     <span class='ocr_line' id='line_1_3' title="bbox 316 1010 1343 1099; baseline -0.002 -22"><span class='ocrx_word' id='word_1_11' title='bbox 316 1020 459 1077; x_wconf 84' lang='lat' dir='ltr'><strong>tamenta</strong></span> <span class='ocrx_word' id='word_1_12' title='bbox 482 1012 612 1089; x_wconf 82' lang='lat' dir='ltr'><strong>amavit,</strong></span> <span class='ocrx_word' id='word_1_13' title='bbox 637 1010 690 1075; x_wconf 88' lang='lat' dir='ltr'><strong>sed</strong></span> <span class='ocrx_word' id='word_1_14' title='bbox 713 1010 783 1074; x_wconf 87' lang='lat' dir='ltr'><strong>telis</strong></span> <span class='ocrx_word' id='word_1_15' title='bbox 807 1010 907 1073; x_wconf 89' lang='lat' dir='ltr'><strong>aeneis</strong></span> <span class='ocrx_word' id='word_1_16' title='bbox 931 1018 963 1075; x_wconf 88' lang='lat' dir='ltr'><strong>et</strong></span> <span class='ocrx_word' id='word_1_17' title='bbox 984 1012 1088 1095; x_wconf 79' lang='lat' dir='ltr'><strong>gladio</strong></span> <span class='ocrx_word' id='word_1_18' title='bbox 1112 1034 1257 1099; x_wconf 87' lang='lat' dir='ltr'><strong>pugnans</strong></span> <span class='ocrx_word' id='word_1_19' title='bbox 1273 1034 1343 1075; x_wconf 83' lang='lat' dir='ltr'><strong>vex·</strong></span> 
     </span>
     <span class='ocr_line' id='line_1_4' title="bbox 317 1127 1343 1215; baseline -0.004 -20"><span class='ocrx_word' id='word_1_20' title='bbox 317 1132 385 1195; x_wconf 73' lang='lat' dir='ltr'><strong>avit</strong></span> <span class='ocrx_word' id='word_1_21' title='bbox 415 1131 494 1193; x_wconf 87' lang='lat' dir='ltr'><strong>ieras</strong></span> <span class='ocrx_word' id='word_1_22' title='bbox 524 1129 654 1205; x_wconf 75' lang='lat' dir='ltr'>bestias,</span> <span class='ocrx_word' id='word_1_23' title='bbox 686 1127 814 1193; x_wconf 88' lang='lat' dir='ltr'><strong>multam</strong></span> <span class='ocrx_word' id='word_1_24' title='bbox 846 1150 918 1191; x_wconf 87' lang='lat' dir='ltr'><strong>sane</strong></span> <span class='ocrx_word' id='word_1_25' title='bbox 950 1137 982 1193; x_wconf 92' lang='lat' dir='ltr'><strong>et</strong></span> <span class='ocrx_word' id='word_1_26' title='bbox 1011 1131 1213 1215; x_wconf 89' lang='lat' dir='ltr'><strong>tranquillam</strong></span> <span class='ocrx_word' id='word_1_27' title='bbox 1242 1130 1343 1194; x_wconf 86' lang='lat' dir='ltr'><strong>bobus</strong></span> 
     </span>
    </p>
   </div>
   <div class='ocr_carea' id='block_1_3' title="bbox 319 1225 1345 1334">
    <p class='ocr_par' dir='ltr' id='par_1_3' title="bbox 319 1225 1345 1334">
     <span class='ocr_line' id='line_1_5' title="bbox 319 1225 1345 1334; baseline 0.001 -23"><span class='ocrx_word' id='word_1_28' title='bbox 319 1248 458 1334; x_wconf 84' lang='lat' dir='ltr'><strong>paternis</strong></span> <span class='ocrx_word' id='word_1_29' title='bbox 481 1270 587 1332; x_wconf 88' lang='lat' dir='ltr'><strong>pacem</strong></span> <span class='ocrx_word' id='word_1_30' title='bbox 611 1225 781 1332; x_wconf 68' lang='lat' dir='ltr'><strong>praebens,⁸</strong></span> <span class='ocrx_word' id='word_1_31' title='bbox 799 1267 942 1309; x_wconf 89' lang='lat' dir='ltr'><strong>somnum</strong></span> <span class='ocrx_word' id='word_1_32' title='bbox 964 1248 998 1311; x_wconf 92' lang='lat' dir='ltr'><strong>iu</strong></span> <span class='ocrx_word' id='word_1_33' title='bbox 1021 1247 1100 1312; x_wconf 87' lang='lat' dir='ltr'><strong>ciliis</strong></span> <span class='ocrx_word' id='word_1_34' title='bbox 1127 1271 1253 1334; x_wconf 89' lang='lat' dir='ltr'><strong>parcum</strong></span> <span class='ocrx_word' id='word_1_35' title='bbox 1274 1269 1345 1312; x_wconf 91' lang='lat' dir='ltr'><strong>con·</strong></span> 
     </span>
    </p>
   </div>
   <div class='ocr_carea' id='block_1_4' title="bbox 320 1362 1350 3564">
    <p class='ocr_par' dir='ltr' id='par_1_4' title="bbox 320 1362 1350 3564">
     <span class='ocr_line' id='line_1_6' title="bbox 320 1362 1344 1449; baseline -0.001 -21"><span class='ocrx_word' id='word_1_36' title='bbox 320 1387 448 1429; x_wconf 87' lang='lat' dir='ltr'><strong>sumens</strong></span> <span class='ocrx_word' id='word_1_37' title='bbox 475 1363 533 1428; x_wconf 89' lang='lat' dir='ltr'><strong>sub</strong></span> <span class='ocrx_word' id='word_1_38' title='bbox 557 1362 723 1427; x_wconf 88' lang='lat' dir='ltr'><strong>adventum</strong></span> <span class='ocrx_word' id='word_1_39' title='bbox 747 1365 895 1427; x_wconf 77' lang='lat' dir='ltr'><strong>Aurorae.</strong></span> <span class='ocrx_word' id='word_1_40' title='bbox 943 1362 1063 1429; x_wconf 90' lang='lat' dir='ltr'><strong>Nactus</strong></span> <span class='ocrx_word' id='word_1_41' title='bbox 1087 1388 1154 1428; x_wconf 92' lang='lat' dir='ltr'><strong>eam</strong></span> <span class='ocrx_word' id='word_1_42' title='bbox 1177 1364 1344 1449; x_wconf 91' lang='lat' dir='ltr'><strong>aliquando</strong></span> 
     </span>
     <span class='ocr_line' id='line_1_7' title="bbox 320 1479 1343 1567; baseline 0 -22"><span class='ocrx_word' id='word_1_43' title='bbox 320 1490 371 1545; x_wconf 86' lang='lat' dir='ltr'><strong>est</strong></span> <span class='ocrx_word' id='word_1_44' title='bbox 400 1504 471 1545; x_wconf 91' lang='lat' dir='ltr'><strong>cum</strong></span> <span class='ocrx_word' id='word_1_45' title='bbox 502 1480 571 1543; x_wconf 81' lang='lat' dir='ltr'><strong>lorti</strong></span> <span class='ocrx_word' id='word_1_46' title='bbox 594 1479 682 1545; x_wconf 91' lang='lat' dir='ltr'><strong>leone</strong></span> <span class='ocrx_word' id='word_1_47' title='bbox 705 1479 802 1543; x_wconf 88' lang='lat' dir='ltr'><strong>solam</strong></span> <span class='ocrx_word' id='word_1_48' title='bbox 824 1480 890 1543; x_wconf 89' lang='lat' dir='ltr'><strong>sine</strong></span> <span class='ocrx_word' id='word_1_49' title='bbox 914 1480 1002 1545; x_wconf 83' lang='lat' dir='ltr'><strong>hosta</strong></span> <span class='ocrx_word' id='word_1_50' title='bbox 1024 1482 1195 1546; x_wconf 88' lang='lat' dir='ltr'><strong>lactantem</strong></span> <span class='ocrx_word' id='word_1_51' title='bbox 1218 1482 1343 1567; x_wconf 83' lang='lat' dir='ltr'><strong>Apollo.</strong></span> 
     </span>
     <span class='ocr_line' id='line_1_8' title="bbox 321 1596 1345 1683; baseline 0 -21"><span class='ocrx_word' id='word_1_52' title='bbox 321 1598 481 1662; x_wconf 78' lang='lat' dir='ltr'><strong>Continuo</strong></span> <span class='ocrx_word' id='word_1_53' title='bbox 509 1596 672 1661; x_wconf 84' lang='lat' dir='ltr'><strong>Chironem</strong></span> <span class='ocrx_word' id='word_1_54' title='bbox 696 1598 832 1661; x_wconf 85' lang='lat' dir='ltr'><strong>vocavit:</strong></span> <span class='ocrx_word' id='word_1_55' title='bbox 857 1597 997 1681; x_wconf 86' lang='lat' dir='ltr'><strong>relinque</strong></span> <span class='ocrx_word' id='word_1_56' title='bbox 1020 1606 1161 1676; x_wconf 86' lang='lat' dir='ltr'><strong>antrum,</strong></span> <span class='ocrx_word' id='word_1_57' title='bbox 1186 1621 1205 1662; x_wconf 94' lang='lat' dir='ltr'><strong>o</strong></span> <span class='ocrx_word' id='word_1_58' title='bbox 1227 1598 1345 1683; x_wconf 82' lang='lat' dir='ltr'><strong>Philly-</strong></span> 
     </span>
     <span class='ocr_line' id='line_1_9' title="bbox 322 1715 1343 1799; baseline -0.001 -18"><span class='ocrx_word' id='word_1_59' title='bbox 322 1717 409 1793; x_wconf 86' lang='lat' dir='ltr'><strong>ridn‚</strong></span> <span class='ocrx_word' id='word_1_60' title='bbox 445 1724 476 1779; x_wconf 89' lang='lat' dir='ltr'><strong>et</strong></span> <span class='ocrx_word' id='word_1_61' title='bbox 510 1715 647 1778; x_wconf 89' lang='lat' dir='ltr'><strong>animum</strong></span> <span class='ocrx_word' id='word_1_62' title='bbox 682 1715 811 1778; x_wconf 82' lang='lat' dir='ltr'><strong>feminae</strong></span> <span class='ocrx_word' id='word_1_63' title='bbox 845 1738 1050 1799; x_wconf 84' lang='lat' dir='ltr'><strong>magnamque</strong></span> <span class='ocrx_word' id='word_1_64' title='bbox 1080 1716 1143 1780; x_wconf 83' lang='lat' dir='ltr'><strong>vim</strong></span> <span class='ocrx_word' id='word_1_65' title='bbox 1174 1716 1343 1792; x_wconf 89' lang='lat' dir='ltr'><strong>admirare,</strong></span> 
     </span>
     <span class='ocr_line' id='line_1_10' title="bbox 324 1832 1342 1919; baseline 0 -22"><span class='ocrx_word' id='word_1_66' title='bbox 324 1833 418 1917; x_wconf 88' lang='lat' dir='ltr'><strong>quale</strong></span> <span class='ocrx_word' id='word_1_67' title='bbox 448 1838 599 1897; x_wconf 90' lang='lat' dir='ltr'><strong>certamen</strong></span> <span class='ocrx_word' id='word_1_68' title='bbox 628 1838 698 1915; x_wconf 85' lang='lat' dir='ltr'><strong>agat</strong></span> <span class='ocrx_word' id='word_1_69' title='bbox 720 1832 874 1917; x_wconf 86' lang='lat' dir='ltr'><strong>intrepido</strong></span> <span class='ocrx_word' id='word_1_70' title='bbox 898 1834 1015 1919; x_wconf 87' lang='lat' dir='ltr'><strong>capite,</strong></span> <span class='ocrx_word' id='word_1_71' title='bbox 1038 1832 1143 1898; x_wconf 89' lang='lat' dir='ltr'><strong>labore</strong></span> <span class='ocrx_word' id='word_1_72' title='bbox 1166 1834 1266 1918; x_wconf 85' lang='lat' dir='ltr'><strong>majus</strong></span> <span class='ocrx_word' id='word_1_73' title='bbox 1288 1854 1342 1897; x_wconf 90' lang='lat' dir='ltr'><strong>cor</strong></span> 
     </span>
     <span class='ocr_line' id='line_1_11' title="bbox 325 1950 1343 2035; baseline -0.001 -20"><span class='ocrx_word' id='word_1_74' title='bbox 325 1952 443 2015; x_wconf 86' lang='lat' dir='ltr'><strong>hahens</strong></span> <span class='ocrx_word' id='word_1_75' title='bbox 470 1950 610 2035; x_wconf 88' lang='lat' dir='ltr'><strong>juvenis,</strong></span> <span class='ocrx_word' id='word_1_76' title='bbox 642 1970 698 2012; x_wconf 91' lang='lat' dir='ltr'><strong>nec</strong></span> <span class='ocrx_word' id='word_1_77' title='bbox 728 1970 814 2013; x_wconf 90' lang='lat' dir='ltr'><strong>mens</strong></span> <span class='ocrx_word' id='word_1_78' title='bbox 837 1956 953 2013; x_wconf 85' lang='lat' dir='ltr'><strong>terrore</strong></span> <span class='ocrx_word' id='word_1_79' title='bbox 976 1957 1125 2015; x_wconf 83' lang='lat' dir='ltr'><strong>movetur.</strong></span> <span class='ocrx_word' id='word_1_80' title='bbox 1172 1951 1252 2031; x_wconf 80' lang='lat' dir='ltr'><strong>Quis</strong></span> <span class='ocrx_word' id='word_1_81' title='bbox 1276 1973 1343 2015; x_wconf 90' lang='lat' dir='ltr'><strong>eam</strong></span> 
     </span>
     <span class='ocr_line' id='line_1_12' title="bbox 325 2064 1346 2152; baseline -0.002 -20"><span class='ocrx_word' id='word_1_82' title='bbox 325 2069 488 2132; x_wconf 90' lang='lat' dir='ltr'><strong>hominum</strong></span> <span class='ocrx_word' id='word_1_83' title='bbox 516 2064 656 2152; x_wconf 83' lang='lat' dir='ltr'>peperit?</span> <span class='ocrx_word' id='word_1_84' title='bbox 700 2065 828 2129; x_wconf 80' lang='lat' dir='ltr'><strong>Licetne</strong></span> <span class='ocrx_word' id='word_1_85' title='bbox 851 2068 879 2129; x_wconf 91' lang='lat' dir='ltr'><strong>ei</strong></span> <span class='ocrx_word' id='word_1_86' title='bbox 902 2067 1066 2151; x_wconf 78' lang='lat' dir='ltr'><strong>gloriosam</strong></span> <span class='ocrx_word' id='word_1_87' title='bbox 1089 2089 1216 2132; x_wconf 89' lang='lat' dir='ltr'><strong>manum</strong></span> <span class='ocrx_word' id='word_1_88' title='bbox 1239 2067 1346 2131; x_wconf 83' lang='lat' dir='ltr'><strong>afferre</strong></span> 
     </span>
     <span class='ocr_line' id='line_1_13' title="bbox 326 2182 1345 2274; baseline -0.005 -23"><span class='ocrx_word' id='word_1_89' title='bbox 326 2208 363 2251; x_wconf 90' lang='lat' dir='ltr'><strong>ac</strong></span> <span class='ocrx_word' id='word_1_90' title='bbox 386 2185 425 2249; x_wconf 88' lang='lat' dir='ltr'><strong>de</strong></span> <span class='ocrx_word' id='word_1_91' title='bbox 447 2184 533 2274; x_wconf 34' lang='lat' dir='ltr'><strong>lecto·</strong></span> <span class='ocrx_word' id='word_1_92' title='bbox 550 2205 672 2268; x_wconf 88' lang='lat' dir='ltr'><strong>carpere</strong></span> <span class='ocrx_word' id='word_1_93' title='bbox 691 2182 899 2247; x_wconf 80' lang='lat' dir='ltr'><strong>dulcissimam</strong></span> <span class='ocrx_word' id='word_1_94' title='bbox 919 2183 1064 2247; x_wconf 87' lang='lat' dir='ltr'><strong>herbam?</strong></span> <span class='ocrx_word' id='word_1_95' title='bbox 1097 2184 1151 2249; x_wconf 92' lang='lat' dir='ltr'><strong>Illi</strong></span> <span class='ocrx_word' id='word_1_96' title='bbox 1171 2184 1345 2249; x_wconf 86' lang='lat' dir='ltr'><strong>Centaurus</strong></span> 
     </span>
     <span class='ocr_line' id='line_1_14' title="bbox 327 2300 1346 2397; baseline -0.002 -29"><span class='ocrx_word' id='word_1_97' title='bbox 327 2303 544 2387; x_wconf 81' lang='lat' dir='ltr'><strong>magnanimus</strong></span> <span class='ocrx_word' id='word_1_98' title='bbox 578 2300 736 2388; x_wconf 89' lang='lat' dir='ltr'><strong>respondit</strong></span> <span class='ocrx_word' id='word_1_99' title='bbox 770 2302 933 2397; x_wconf 89' lang='lat' dir='ltr'><strong>continuo:</strong></span> <span class='ocrx_word' id='word_1_100' title='bbox 970 2302 1109 2367; x_wconf 79' lang='lat' dir='ltr'><strong>occultae</strong></span> <span class='ocrx_word' id='word_1_101' title='bbox 1142 2302 1241 2367; x_wconf 89' lang='lat' dir='ltr'><strong>claves</strong></span> <span class='ocrx_word' id='word_1_102' title='bbox 1271 2313 1346 2367; x_wconf 87' lang='lat' dir='ltr'><strong>sunt</strong></span> 
     </span>
     <span class='ocr_line' id='line_1_15' title="bbox 328 2418 1345 2505; baseline -0.003 -20"><span class='ocrx_word' id='word_1_103' title='bbox 328 2421 476 2505; x_wconf 84' lang='lat' dir='ltr'><strong>sapientis</strong></span> <span class='ocrx_word' id='word_1_104' title='bbox 500 2418 621 2482; x_wconf 88' lang='lat' dir='ltr'><strong>Suadae</strong></span> <span class='ocrx_word' id='word_1_105' title='bbox 643 2428 820 2483; x_wconf 86' lang='lat' dir='ltr'><strong>sanctorum</strong></span> <span class='ocrx_word' id='word_1_106' title='bbox 840 2441 976 2483; x_wconf 88' lang='lat' dir='ltr'><strong>amorum</strong></span> <span class='ocrx_word' id='word_1_107' title='bbox 985 2469 995 2498; x_wconf 92' lang='lat'><em>‚</em></span> <span class='ocrx_word' id='word_1_108' title='bbox 1016 2419 1155 2498; x_wconf 89' lang='lat' dir='ltr'><strong>Phoebe,</strong></span> <span class='ocrx_word' id='word_1_109' title='bbox 1176 2421 1257 2483; x_wconf 89' lang='lat' dir='ltr'><strong>etin</strong></span> <span class='ocrx_word' id='word_1_110' title='bbox 1277 2420 1345 2483; x_wconf 85' lang='lat' dir='ltr'><strong>Diis</strong></span> 
     </span>
     <span class='ocr_line' id='line_1_16' title="bbox 329 2535 1345 2622; baseline -0.004 -17"><span class='ocrx_word' id='word_1_111' title='bbox 329 2540 389 2605; x_wconf 88' lang='lat' dir='ltr'><strong>hoc</strong></span> <span class='ocrx_word' id='word_1_112' title='bbox 417 2548 447 2602; x_wconf 87' lang='lat' dir='ltr'><strong>et</strong></span> <span class='ocrx_word' id='word_1_113' title='bbox 473 2539 506 2601; x_wconf 93' lang='lat' dir='ltr'><strong>in</strong></span> <span class='ocrx_word' id='word_1_114' title='bbox 528 2535 706 2601; x_wconf 89' lang='lat' dir='ltr'><strong>hominibus</strong></span> <span class='ocrx_word' id='word_1_115' title='bbox 729 2543 872 2601; x_wconf 86' lang='lat' dir='ltr'><strong>verentur</strong></span> <span class='ocrx_word' id='word_1_116' title='bbox 894 2538 1025 2621; x_wconf 88' lang='lat' dir='ltr'><strong>pariter,</strong></span> <span class='ocrx_word' id='word_1_117' title='bbox 1051 2544 1154 2622; x_wconf 87' lang='lat' dir='ltr'><strong>aperte</strong></span> <span class='ocrx_word' id='word_1_118' title='bbox 1176 2537 1261 2602; x_wconf 89' lang='lat' dir='ltr'><strong>dulci</strong></span> <span class='ocrx_word' id='word_1_119' title='bbox 1283 2537 1345 2601; x_wconf 86' lang='lat' dir='ltr'><strong>frui</strong></span> 
     </span>
     <span class='ocr_line' id='line_1_17' title="bbox 329 2652 1346 2743; baseline -0.004 -22"><span class='ocrx_word' id='word_1_120' title='bbox 329 2660 465 2743; x_wconf 90' lang='lat' dir='ltr'><strong>primum</strong></span> <span class='ocrx_word' id='word_1_121' title='bbox 491 2653 656 2719; x_wconf 84' lang='lat' dir='ltr'><strong>connubio.</strong></span> <span class='ocrx_word' id='word_1_122' title='bbox 673 2654 695 2737; x_wconf 87' lang='lat'><strong>¹)</strong></span> <span class='ocrx_word' id='word_1_123' title='bbox 741 2652 864 2718; x_wconf 84' lang='lat' dir='ltr'><strong>Etenim</strong></span> <span class='ocrx_word' id='word_1_124' title='bbox 900 2662 948 2732; x_wconf 90' lang='lat' dir='ltr'><strong>te,</strong></span> <span class='ocrx_word' id='word_1_125' title='bbox 973 2676 1065 2737; x_wconf 87' lang='lat' dir='ltr'><strong>quem</strong></span> <span class='ocrx_word' id='word_1_126' title='bbox 1087 2654 1172 2719; x_wconf 82' lang='lat' dir='ltr'><strong>netas</strong></span> <span class='ocrx_word' id='word_1_127' title='bbox 1195 2654 1346 2737; x_wconf 83' lang='lat' dir='ltr'><strong>attingere</strong></span> 
     </span>
     <span class='ocr_line' id='line_1_18' title="bbox 329 2770 1347 2855; baseline -0.006 -16"><span class='ocrx_word' id='word_1_128' title='bbox 329 2773 543 2850; x_wconf 84' lang='lat' dir='ltr'><strong>mendacium,</strong></span> <span class='ocrx_word' id='word_1_129' title='bbox 566 2772 716 2836; x_wconf 88' lang='lat' dir='ltr'><strong>convertit</strong></span> <span class='ocrx_word' id='word_1_130' title='bbox 738 2771 837 2837; x_wconf 89' lang='lat' dir='ltr'><strong>dulcis</strong></span> <span class='ocrx_word' id='word_1_131' title='bbox 861 2770 974 2855; x_wconf 90' lang='lat' dir='ltr'><strong>cupido</strong></span> <span class='ocrx_word' id='word_1_132' title='bbox 998 2781 1035 2835; x_wconf 87' lang='lat' dir='ltr'><strong>ut</strong></span> <span class='ocrx_word' id='word_1_133' title='bbox 1056 2772 1117 2835; x_wconf 88' lang='lat' dir='ltr'><strong>iata</strong></span> <span class='ocrx_word' id='word_1_134' title='bbox 1139 2771 1229 2835; x_wconf 83' lang='lat' dir='ltr'><strong>verba</strong></span> <span class='ocrx_word' id='word_1_135' title='bbox 1253 2772 1347 2853; x_wconf 79' lang='lat' dir='ltr'><strong>finge-</strong></span> 
     </span>
     <span class='ocr_line' id='line_1_19' title="bbox 330 2888 1348 2975; baseline -0.005 -19"><span class='ocrx_word' id='word_1_136' title='bbox 330 2892 427 2975; x_wconf 61' lang='lat' dir='ltr'><strong>resi)</strong></span> <span class='ocrx_word' id='word_1_137' title='bbox 473 2890 597 2955; x_wconf 87' lang='lat' dir='ltr'><strong>Puellae</strong></span> <span class='ocrx_word' id='word_1_138' title='bbox 620 2890 756 2966; x_wconf 81' lang='lat' dir='ltr'><strong>natales,</strong></span> <span class='ocrx_word' id='word_1_139' title='bbox 780 2890 863 2954; x_wconf 89' lang='lat' dir='ltr'><strong>unde</strong></span> <span class='ocrx_word' id='word_1_140' title='bbox 886 2890 944 2967; x_wconf 87' lang='lat' dir='ltr'><strong>sit,</strong></span> <span class='ocrx_word' id='word_1_141' title='bbox 967 2912 1057 2973; x_wconf 86' lang='lat' dir='ltr'><strong>rogas</strong></span> <span class='ocrx_word' id='word_1_142' title='bbox 1080 2888 1213 2974; x_wconf 85' lang='lat' dir='ltr'><strong>Apollo?</strong></span> <span class='ocrx_word' id='word_1_143' title='bbox 1233 2888 1348 2973; x_wconf 86' lang='lat' dir='ltr'><strong>periec-</strong></span> 
     </span>
     <span class='ocr_line' id='line_1_20' title="bbox 329 3008 1347 3093; baseline -0.003 -20"><span class='ocrx_word' id='word_1_144' title='bbox 329 3017 399 3073; x_wconf 88' lang='lat' dir='ltr'><strong>ium</strong></span> <span class='ocrx_word' id='word_1_145' title='bbox 430 3010 485 3093; x_wconf 91' lang='lat' dir='ltr'><strong>qui</strong></span> <span class='ocrx_word' id='word_1_146' title='bbox 514 3010 650 3073; x_wconf 88' lang='lat' dir='ltr'><strong>omnium</strong></span> <span class='ocrx_word' id='word_1_147' title='bbox 679 3030 780 3072; x_wconf 91' lang='lat' dir='ltr'><strong>rerum</strong></span> <span class='ocrx_word' id='word_1_148' title='bbox 804 3008 896 3073; x_wconf 87' lang='lat' dir='ltr'><strong>linem</strong></span> <span class='ocrx_word' id='word_1_149' title='bbox 920 3008 1060 3092; x_wconf 85' lang='lat' dir='ltr'><strong>cognosti</strong></span> <span class='ocrx_word' id='word_1_150' title='bbox 1083 3013 1114 3071; x_wconf 91' lang='lat' dir='ltr'><strong>et</strong></span> <span class='ocrx_word' id='word_1_151' title='bbox 1136 3029 1242 3071; x_wconf 88' lang='lat' dir='ltr'><strong>omnes</strong></span> <span class='ocrx_word' id='word_1_152' title='bbox 1264 3008 1347 3084; x_wconf 84' lang='lat' dir='ltr'><strong>viae,</strong></span> 
     </span>
     <span class='ocr_line' id='line_1_21' title="bbox 331 3126 1349 3211; baseline -0.002 -20"><span class='ocrx_word' id='word_1_153' title='bbox 331 3135 447 3211; x_wconf 85' lang='lat' dir='ltr'><strong>quotve</strong></span> <span class='ocrx_word' id='word_1_154' title='bbox 477 3134 558 3189; x_wconf 89' lang='lat' dir='ltr'><strong>terra</strong></span> <span class='ocrx_word' id='word_1_155' title='bbox 587 3148 695 3189; x_wconf 86' lang='lat' dir='ltr'><strong>vernos</strong></span> <span class='ocrx_word' id='word_1_156' title='bbox 726 3126 814 3190; x_wconf 88' lang='lat' dir='ltr'><strong>flores</strong></span> <span class='ocrx_word' id='word_1_157' title='bbox 845 3126 983 3204; x_wconf 89' lang='lat' dir='ltr'><strong>emittat,</strong></span> <span class='ocrx_word' id='word_1_158' title='bbox 1008 3134 1040 3189; x_wconf 88' lang='lat' dir='ltr'><strong>et</strong></span> <span class='ocrx_word' id='word_1_159' title='bbox 1062 3133 1139 3208; x_wconf 90' lang='lat' dir='ltr'><strong>quot</strong></span> <span class='ocrx_word' id='word_1_160' title='bbox 1160 3126 1194 3188; x_wconf 94' lang='lat' dir='ltr'><strong>in</strong></span> <span class='ocrx_word' id='word_1_161' title='bbox 1217 3126 1294 3189; x_wconf 87' lang='lat' dir='ltr'><strong>mari</strong></span> <span class='ocrx_word' id='word_1_162' title='bbox 1317 3134 1349 3189; x_wconf 90' lang='lat' dir='ltr'><strong>et</strong></span> 
     </span>
     <span class='ocr_line' id='line_1_22' title="bbox 331 3242 1348 3326; baseline -0.001 -20"><span class='ocrx_word' id='word_1_163' title='bbox 331 3243 434 3307; x_wconf 82' lang='lat' dir='ltr'><strong>fluviis</strong></span> <span class='ocrx_word' id='word_1_164' title='bbox 466 3264 574 3305; x_wconf 89' lang='lat' dir='ltr'><strong>arenae</strong></span> <span class='ocrx_word' id='word_1_165' title='bbox 604 3242 767 3306; x_wconf 82' lang='lat' dir='ltr'><strong>volvantur</strong></span> <span class='ocrx_word' id='word_1_166' title='bbox 795 3244 942 3308; x_wconf 86' lang='lat' dir='ltr'><strong>fluctibus</strong></span> <span class='ocrx_word' id='word_1_167' title='bbox 970 3252 1000 3307; x_wconf 89' lang='lat' dir='ltr'><strong>et</strong></span> <span class='ocrx_word' id='word_1_168' title='bbox 1027 3248 1188 3307; x_wconf 86' lang='lat' dir='ltr'><strong>ventorum</strong></span> <span class='ocrx_word' id='word_1_169' title='bbox 1210 3242 1348 3326; x_wconf 83' lang='lat' dir='ltr'><strong>impetu,</strong></span> 
     </span>
     <span class='ocr_line' id='line_1_23' title="bbox 331 3358 1348 3444; baseline -0.002 -19"><span class='ocrx_word' id='word_1_170' title='bbox 331 3370 364 3425; x_wconf 91' lang='lat' dir='ltr'><strong>et</strong></span> <span class='ocrx_word' id='word_1_171' title='bbox 387 3360 462 3444; x_wconf 92' lang='lat' dir='ltr'><strong>quid</strong></span> <span class='ocrx_word' id='word_1_172' title='bbox 485 3359 623 3423; x_wconf 78' lang='lat' dir='ltr'><strong>inimum</strong></span> <span class='ocrx_word' id='word_1_173' title='bbox 647 3366 679 3422; x_wconf 88' lang='lat' dir='ltr'><strong>et</strong></span> <span class='ocrx_word' id='word_1_174' title='bbox 701 3358 783 3423; x_wconf 92' lang='lat' dir='ltr'><strong>unde</strong></span> <span class='ocrx_word' id='word_1_175' title='bbox 806 3360 947 3425; x_wconf 78' lang='lat' dir='ltr'><strong>futurum</strong></span> <span class='ocrx_word' id='word_1_176' title='bbox 970 3362 1011 3426; x_wconf 84' lang='lat' dir='ltr'><strong>sit</strong></span> <span class='ocrx_word' id='word_1_177' title='bbox 1033 3360 1111 3424; x_wconf 90' lang='lat' dir='ltr'><strong>bene</strong></span> <span class='ocrx_word' id='word_1_178' title='bbox 1132 3360 1229 3424; x_wconf 83' lang='lat' dir='ltr'><strong>vides.</strong></span> <span class='ocrx_word' id='word_1_179' title='bbox 1242 3360 1268 3444; x_wconf 79' lang='lat'><strong>³)</strong></span> <span class='ocrx_word' id='word_1_180' title='bbox 1315 3358 1348 3423; x_wconf 87' lang='lat' dir='ltr'><strong>Si</strong></span> 
     </span>
     <span class='ocr_line' id='line_1_24' title="bbox 332 3477 1350 3564; baseline -0.002 -22"><span class='ocrx_word' id='word_1_181' title='bbox 332 3486 436 3543; x_wconf 87' lang='lat' dir='ltr'><strong>tamen</strong></span> <span class='ocrx_word' id='word_1_182' title='bbox 467 3500 538 3542; x_wconf 90' lang='lat' dir='ltr'><strong>cum</strong></span> <span class='ocrx_word' id='word_1_183' title='bbox 569 3477 706 3561; x_wconf 85' lang='lat' dir='ltr'><strong>sapiente</strong></span> <span class='ocrx_word' id='word_1_184' title='bbox 738 3485 854 3541; x_wconf 86' lang='lat' dir='ltr'><strong>certare</strong></span> <span class='ocrx_word' id='word_1_185' title='bbox 876 3485 1016 3564; x_wconf 84' lang='lat' dir='ltr'><strong>oportet,</strong></span> <span class='ocrx_word' id='word_1_186' title='bbox 1040 3477 1150 3542; x_wconf 91' lang='lat' dir='ltr'><strong>dicam.</strong></span> <span class='ocrx_word' id='word_1_187' title='bbox 1197 3477 1280 3541; x_wconf 89' lang='lat' dir='ltr'><strong>Huic</strong></span> <span class='ocrx_word' id='word_1_188' title='bbox 1301 3498 1350 3541; x_wconf 83' lang='lat' dir='ltr'><strong>ve·</strong></span> 
     </span>
    </p>
   </div>
   <div class='ocr_carea' id='block_1_5' title="bbox 329 3670 1353 4498">
    <p class='ocr_par' dir='ltr' id='par_1_5' title="bbox 329 3670 1353 4498">
     <span class='ocr_line' id='line_1_25' title="bbox 366 3670 1352 3739; baseline -0.003 -14"><span class='ocrx_word' id='word_1_189' title='bbox 366 3676 392 3738; x_wconf 87' lang='lat' dir='ltr'><strong>i)</strong></span> <span class='ocrx_word' id='word_1_190' title='bbox 408 3676 502 3735; x_wconf 77' lang='lat' dir='ltr'><strong>Seada,</strong></span> <span class='ocrx_word' id='word_1_191' title='bbox 526 3674 616 3724; x_wconf 82' lang='lat' dir='ltr'><strong>Gracco</strong></span> <span class='ocrx_word' id='word_1_192' title='bbox 637 3678 724 3739; x_wconf 72' lang='lat' dir='ltr'><strong>satir,</strong></span> <span class='ocrx_word' id='word_1_193' title='bbox 749 3674 816 3738; x_wconf 84' lang='lat' dir='ltr'><strong>quasi</strong></span> <span class='ocrx_word' id='word_1_194' title='bbox 841 3673 929 3723; x_wconf 88' lang='lat' dir='ltr'><strong>amoris</strong></span> <span class='ocrx_word' id='word_1_195' title='bbox 951 3674 1004 3724; x_wconf 86' lang='lat' dir='ltr'><strong>Des</strong></span> <span class='ocrx_word' id='word_1_196' title='bbox 1026 3677 1077 3733; x_wconf 88' lang='lat' dir='ltr'><strong>est,</strong></span> <span class='ocrx_word' id='word_1_197' title='bbox 1101 3677 1129 3723; x_wconf 86' lang='lat' dir='ltr'><strong>ut</strong></span> <span class='ocrx_word' id='word_1_198' title='bbox 1149 3673 1223 3723; x_wconf 83' lang='lat' dir='ltr'><strong>ctiam</strong></span> <span class='ocrx_word' id='word_1_199' title='bbox 1244 3674 1286 3737; x_wconf 65' lang='lat' dir='ltr'><strong>ly.</strong></span> <span class='ocrx_word' id='word_1_200' title='bbox 1304 3670 1352 3723; x_wconf 79' lang='lat'><strong>17.</strong></span> 
     </span>
     <span class='ocr_line' id='line_1_26' title="bbox 332 3768 873 3834; baseline -0.004 -14"><span class='ocrx_word' id='word_1_201' title='bbox 332 3770 397 3829; x_wconf 73' lang='grc'><strong>390,</strong></span> <span class='ocrx_word' id='word_1_202' title='bbox 414 3774 440 3820; x_wconf 85' lang='lat' dir='ltr'><strong>et</strong></span> <span class='ocrx_word' id='word_1_203' title='bbox 456 3769 519 3834; x_wconf 81' lang='lat' dir='ltr'><strong>epod</strong></span> <span class='ocrx_word' id='word_1_204' title='bbox 536 3768 694 3833; x_wconf 81' lang='lat' dir='ltr'><strong>Sophoclem,</strong></span> <span class='ocrx_word' id='word_1_205' title='bbox 716 3768 798 3819; x_wconf 68' lang='lat' dir='ltr'><strong>itaci.</strong></span> <span class='ocrx_word' id='word_1_206' title='bbox 816 3768 873 3818; x_wconf 81' lang='lat' dir='ltr'><strong>ool.</strong></span> 
     </span>
     <span class='ocr_line' id='line_1_27' title="bbox 365 3858 1349 3929; baseline -0.008 -15"><span class='ocrx_word' id='word_1_207' title='bbox 365 3866 462 3924; x_wconf 58' lang='lat' dir='ltr'><strong>mista</strong></span> <span class='ocrx_word' id='word_1_208' title='bbox 486 3864 554 3913; x_wconf 76' lang='lat' dir='ltr'><strong>seria</strong></span> <span class='ocrx_word' id='word_1_209' title='bbox 579 3863 715 3927; x_wconf 76' lang='lat' dir='ltr'><strong>significent</strong></span> <span class='ocrx_word' id='word_1_210' title='bbox 740 3862 899 3929; x_wconf 83' lang='lat' dir='ltr'><strong>posteriorem</strong></span> <span class='ocrx_word' id='word_1_211' title='bbox 926 3861 1073 3926; x_wconf 76' lang='lat' dir='ltr'><strong>quaestionis</strong></span> <span class='ocrx_word' id='word_1_212' title='bbox 1097 3858 1218 3924; x_wconf 75' lang='lat' dir='ltr'><strong>Apollinis</strong></span> <span class='ocrx_word' id='word_1_213' title='bbox 1241 3862 1349 3922; x_wconf 78' lang='lat' dir='ltr'><strong>partem,</strong></span> 
     </span>
     <span class='ocr_line' id='line_1_28' title="bbox 329 3954 1351 4021; baseline -0.008 -12"><span class='ocrx_word' id='word_1_214' title='bbox 329 3959 447 4009; x_wconf 80' lang='lat' dir='ltr'><strong>liceretne</strong></span> <span class='ocrx_word' id='word_1_215' title='bbox 463 3956 581 4021; x_wconf 77' lang='lat' dir='ltr'><strong>virginem</strong></span> <span class='ocrx_word' id='word_1_216' title='bbox 599 3961 706 4021; x_wconf 78' lang='lat' dir='ltr'><strong>tangere.</strong></span> <span class='ocrx_word' id='word_1_217' title='bbox 740 3958 778 4007; x_wconf 81' lang='lat' dir='ltr'><strong>Ad</strong></span> <span class='ocrx_word' id='word_1_218' title='bbox 795 3954 901 4021; x_wconf 86' lang='lat' dir='ltr'><strong>priorem</strong></span> <span class='ocrx_word' id='word_1_219' title='bbox 918 3955 1066 4021; x_wconf 74' lang='lat' dir='ltr'><strong>quaestionis</strong></span> <span class='ocrx_word' id='word_1_220' title='bbox 1081 3958 1191 4019; x_wconf 83' lang='lat' dir='ltr'><strong>partem,</strong></span> <span class='ocrx_word' id='word_1_221' title='bbox 1208 3969 1270 4018; x_wconf 86' lang='lat' dir='ltr'><strong>quse</strong></span> <span class='ocrx_word' id='word_1_222' title='bbox 1286 3954 1351 4001; x_wconf 82' lang='lat' dir='ltr'><strong>esset</strong></span> 
     </span>
     <span class='ocr_line' id='line_1_29' title="bbox 330 4050 793 4117; baseline -0.004 -14"><span class='ocrx_word' id='word_1_223' title='bbox 330 4054 416 4117; x_wconf 77' lang='lat' dir='ltr'><strong>virgo,</strong></span> <span class='ocrx_word' id='word_1_224' title='bbox 432 4052 546 4116; x_wconf 78' lang='lat' dir='ltr'><strong>deinceps</strong></span> <span class='ocrx_word' id='word_1_225' title='bbox 562 4052 693 4117; x_wconf 80' lang='lat' dir='ltr'><strong>respondet</strong></span> <span class='ocrx_word' id='word_1_226' title='bbox 709 4050 793 4101; x_wconf 84' lang='lat' dir='ltr'><strong>Chiro.</strong></span> 
     </span>
     <span class='ocr_line' id='line_1_30' title="bbox 365 4140 1353 4219; baseline -0.008 -22"><span class='ocrx_word' id='word_1_227' title='bbox 365 4148 392 4209; x_wconf 83' lang='lat'><strong>8)</strong></span> <span class='ocrx_word' id='word_1_228' title='bbox 410 4146 472 4195; x_wconf 86' lang='lat' dir='ltr'><strong>Cum</strong></span> <span class='ocrx_word' id='word_1_229' title='bbox 495 4145 541 4196; x_wconf 86' lang='lat' dir='ltr'><strong>isco</strong></span> <span class='ocrx_word' id='word_1_230' title='bbox 564 4145 772 4219; x_wconf 71' lang='lat' dir='ltr'><strong>praestantissimo</strong></span> <span class='ocrx_word' id='word_1_231' title='bbox 796 4146 849 4195; x_wconf 89' lang='lat' dir='ltr'><strong>loeo</strong></span> <span class='ocrx_word' id='word_1_232' title='bbox 873 4144 977 4195; x_wconf 81' lang='lat' dir='ltr'><strong>contami</strong></span> <span class='ocrx_word' id='word_1_233' title='bbox 1002 4146 1110 4193; x_wconf 86' lang='lat' dir='ltr'><strong>meretur</strong></span> <span class='ocrx_word' id='word_1_234' title='bbox 1133 4142 1209 4207; x_wconf 87' lang='lat' dir='ltr'><strong>ipsius</strong></span> <span class='ocrx_word' id='word_1_235' title='bbox 1231 4140 1353 4207; x_wconf 81' lang='lat' dir='ltr'><strong>Apollinis</strong></span> 
     </span>
     <span class='ocr_line' id='line_1_31' title="bbox 332 4240 905 4304; baseline -0.007 -11"><span class='ocrx_word' id='word_1_236' title='bbox 332 4242 458 4293; x_wconf 75' lang='lat' dir='ltr'><strong>omniurn</strong></span> <span class='ocrx_word' id='word_1_237' title='bbox 475 4241 539 4304; x_wconf 83' lang='lat' dir='ltr'><strong>epod</strong></span> <span class='ocrx_word' id='word_1_238' title='bbox 556 4241 722 4299; x_wconf 85' lang='lat' dir='ltr'><strong>Herodotum,</strong></span> <span class='ocrx_word' id='word_1_239' title='bbox 740 4241 766 4291; x_wconf 74' lang='lat' dir='ltr'><strong>L.</strong></span> <span class='ocrx_word' id='word_1_240' title='bbox 785 4242 808 4290; x_wconf 89' lang='lat'><strong>1.</strong></span> <span class='ocrx_word' id='word_1_241' title='bbox 825 4254 847 4289; x_wconf 87' lang='lat' dir='ltr'><strong>c.</strong></span> <span class='ocrx_word' id='word_1_242' title='bbox 863 4240 905 4291; x_wconf 77' lang='lat'><strong>47.</strong></span> 
     </span>
     <span class='ocr_line' id='line_1_32' title="bbox 498 4332 1189 4405; baseline 0.001 -17"><span class='ocrx_word' id='word_1_243' title='bbox 498 4336 549 4388; x_wconf 65' lang='lat' dir='ltr'><strong>oica</strong></span> <span class='ocrx_word' id='word_1_244' title='bbox 566 4334 586 4387; x_wconf 77' lang='grc' dir='ltr'><strong>δ’</strong></span> <span class='ocrx_word' id='word_1_245' title='bbox 601 4341 646 4401; x_wconf 69' lang='lat' dir='ltr'><strong>lya</strong></span> <span class='ocrx_word' id='word_1_246' title='bbox 662 4341 760 4402; x_wconf 66' lang='lat' dir='ltr'><strong>primm</strong></span> <span class='ocrx_word' id='word_1_247' title='bbox 775 4332 797 4388; x_wconf 75' lang='grc' dir='ltr'><strong>τ’</strong></span> <span class='ocrx_word' id='word_1_248' title='bbox 811 4339 910 4405; x_wconf 65' lang='grc' dir='ltr'><strong>ἀριθμὸν</strong></span> <span class='ocrx_word' id='word_1_249' title='bbox 926 4339 964 4387; x_wconf 73' lang='lat' dir='ltr'><strong>eal</strong></span> <span class='ocrx_word' id='word_1_250' title='bbox 979 4341 1059 4403; x_wconf 66' lang='lat' dir='ltr'><strong>nepa</strong></span> <span class='ocrx_word' id='word_1_251' title='bbox 1075 4336 1189 4391; x_wconf 58' lang='lat' dir='ltr'><strong>Maium</strong></span> 
     </span>
     <span class='ocr_line' id='line_1_33' title="bbox 499 4430 1059 4498; baseline -0.007 -15"><span class='ocrx_word' id='word_1_252' title='bbox 499 4435 537 4483; x_wconf 72' lang='lat' dir='ltr'><strong>ssi</strong></span> <span class='ocrx_word' id='word_1_253' title='bbox 553 4434 626 4498; x_wconf 64' lang='lat' dir='ltr'><strong>sepsi</strong></span> <span class='ocrx_word' id='word_1_254' title='bbox 642 4432 731 4495; x_wconf 66' lang='lat' dir='ltr'><strong>winae</strong></span> <span class='ocrx_word' id='word_1_255' title='bbox 747 4432 786 4482; x_wconf 75' lang='lat' dir='ltr'><strong>asi</strong></span> <span class='ocrx_word' id='word_1_256' title='bbox 802 4431 828 4481; x_wconf 77' lang='lat' dir='ltr'><strong>ssi</strong></span> <span class='ocrx_word' id='word_1_257' title='bbox 843 4436 963 4497; x_wconf 65' lang='lat' dir='ltr'><strong>misser</strong></span> <span class='ocrx_word' id='word_1_258' title='bbox 977 4430 1059 4481; x_wconf 65' lang='lat' dir='ltr'><strong>notu.</strong></span> 
     </span>
    </p>
   </div>
   <div class='ocr_carea' id='block_1_6' title="bbox 0 0 1898 5542">
    <p class='ocr_par' dir='ltr' id='par_1_6' title="bbox 0 0 1898 5542">
     <span class='ocr_line' id='line_1_34' title="bbox 0 0 1898 5542; baseline 0 0"><span class='ocrx_word' id='word_1_259' title='bbox 0 0 1898 5542; x_wconf 95' lang='lat' dir='ltr'><strong> </strong></span> 
     </span>
    </p>
   </div>
  </div>
 </body>
</html>
