3725 5542
825 718 889 778 425

349 918 437 981 laoile
468 919 531 981 fieri
564 940 667 1001 posse,
701 925 737 979 ut
768 916 945 980 inconsulto
969 916 1074 999 aliqua
1099 915 1213 980 oblivio
1237 917 1310 980 fiat:
1335 915 1366 978 id

349 1033 433 1116 quod
456 1034 488 1096 in
512 1033 642 1097 Rhodiis
665 1033 830 1118 apparuit,
855 1054 890 1094 vs
914 1037 955 1095 85
980 1033 1029 1096 nal
1054 1033 1096 1096 rol
1120 1032 1189 1110 γάρ.

396 1153 448 1214 83.
484 1151 622 1230 παρέλκει
646 1152 835 1231 πραγμάτων
857 1151 939 1232 ὀρθὰν
966 1151 1025 1215 aaa
1040 1148 1094 1225 ἔξω
1110 1155 1228 1230 φρενῶν.
1265 1148 1367 1212 Auda-

349 1266 413 1330 eior
443 1266 518 1330 haee
549 1268 739 1332 constructio
769 1266 867 1331 videri
898 1274 1019 1351 posset,
1053 1267 1077 1328 si
1112 1266 1365 1351 exspectavisses:

348 1384 486 1464 παρέλκει
509 1385 616 1466 φρένας
640 1384 694 1471 ἔξω
716 1386 799 1464 ὀρθᾶς
814 1383 1003 1464 πραγμάτων
1018 1385 1091 1448 ὀδοῦ.
1128 1383 1186 1447 Sed
1205 1382 1367 1446 retinenda

349 1501 469 1565 videtur
491 1502 590 1586 ipsius
614 1502 852 1568 construetionis
878 1502 1047 1566 sententis:
1070 1491 1226 1579 παρέλκεὶ,
1249 1501 1364 1564 abstra-

348 1616 411 1693 hit,
445 1618 524 1681 viam
555 1625 695 1682 amente
719 1619 835 1696 aufert,
859 1617 991 1696 ooeulit,
1016 1617 1108 1682 efficit
1131 1623 1166 1680 ut
1189 1639 1273 1680 mens
1298 1638 1362 1680 eam

347 1753 410 1796 non
432 1732 545 1797 videat.

394 1851 447 1913 86.
481 1852 534 1915 rol.
570 1850 658 1915 conf.
684 1850 734 1915 01.
760 1851 807 1917 Vl
831 1854 884 1917 87.

395 1969 447 2029 86.
484 1968 536 2030 καὶ
564 1969 607 2032 τοὶ
638 1970 709 2049 γὰρ.
745 1967 792 2032 Ex
823 1969 881 2033 hoe
909 1945 1055 2033 instituto
1086 1968 1233 2032 mansisse
1261 1973 1364 2030 narrat

349 2083 505 2148 Diodorus
535 2085 658 2150 Siculus
689 2108 804 2151 morem
831 2086 914 2171 apud
938 2085 1076 2149 Rhodios
1099 2107 1184 2149 saera
1206 2083 1363 2148 Minervae

349 2201 416 2266 sina
445 2202 517 2285 igne
546 2202 695 2267 faciendi:
726 2203 763 2268 L.
795 2203 823 2263 V
855 2203 891 2267 O.
924 2207 984 2266 56:
1010 2203 1068 2266 hoo
1091 2203 1172 2266 enim
1195 2202 1365 2286 signifioare

348 2317 489 2393 videtur,
514 2318 664 2383 scribens:
688 2319 783 2400 διόπερ
807 2321 885 2401 Φασὶ
908 2320 1051 2398 διαμένειν
1073 2319 1164 2398 μεχρὶ
1189 2325 1241 2384 τοῦ
1264 2317 1365 2383 νῦντὸ

348 2435 431 2499 κατὰ
460 2437 512 2509 τὸν
538 2435 639 2501 θυσίαν
663 2436 731 2502 idios
752 2438 782 2501 ἐν
803 2448 840 2519 τῇ
862 2437 954 2517 Ῥόδῳ.
980 2436 1067 2501 Idem
1091 2435 1178 2500 affert
1201 2433 1365 2500 scholiasta

349 2559 455 2630 vetus,
480 2553 535 2637 qui
557 2553 596 2618 ab
621 2554 787 2640 Apollonio
811 2554 932 2618 Rhodio
957 2555 1046 2618 aliam
1071 2576 1192 2618 oausam
1210 2563 1363 2616 narratam

347 2669 442 2734 inisse
473 2668 567 2754 hujus
594 2672 688 2734 moris
713 2670 807 2747 dicit,
831 2671 947 2756 quippe
970 2670 1075 2735 odium
1100 2670 1251 2746 Vulcani,
1275 2692 1364 2755 prop·

348 2793 431 2851 terea
460 2787 545 2872 quod
572 2789 599 2852 is
632 2787 803 2853 Minervam
833 2810 934 2852 amare
962 2810 1055 2852 ausus
1079 2788 1196 2852 luisset.
1244 2785 1363 2868 Quodsi

348 2903 423 2968 liaeo
452 2903 533 2968 fama
562 2906 689 2988 antiqua
718 2905 780 2969 fuit
809 2913 841 2969 et
865 2905 1005 2970 innotuit
1027 2905 1180 2982 Pindaro,
1204 2905 1293 2968 facile
1316 2913 1363 2968 est

348 3019 533 3105 intelligere,
556 3021 663 3098 illum,
687 3045 805 3107 semper
826 3022 865 3086 de
888 3023 957 3088 Diis
979 3023 1105 3087 meliora
1121 3021 1221 3087 dioere
1237 3021 1362 3086 studen-

348 3145 427 3215 tem,
452 3144 507 3202 aut
529 3137 620 3202 aliam
643 3139 838 3203 traditionem
861 3141 949 3224 sequi
971 3140 1133 3218 maluisse,
1158 3147 1212 3204 aut
1234 3140 1363 3204 tortasse

348 3254 433 3319 illam
455 3255 567 3320 famam
590 3256 635 3320 ita
657 3257 848 3335 emendasse,
873 3265 910 3322 ut
931 3281 1015 3323 nune
1039 3257 1121 3344 apud
1145 3280 1215 3324 eum
1239 3257 1362 3343 legitur.

348 3371 429 3436 Vide
450 3373 545 3458 hujus
569 3373 664 3438 studii
687 3374 861 3459 exemplum
884 3373 935 3438 Ol.
961 3374 977 3438 I
1002 3379 1054 3439 54.
1082 3374 1171 3440 (loni.
1189 3375 1363 3439 dissertatio

348 3497 453 3553 nostra
475 3490 513 3554 de
537 3490 663 3555 Pindari
685 3489 859 3576 Sapientia,
883 3515 913 3576 p.
939 3493 969 3556 7.

393 3608 447 3671 88.
481 3606 581 3679 ἄλσος.
627 3606 1037 3675 Conf.annotatioad01.
1062 3608 1191 3673 11131.

394 3726 446 3788 89.
481 3727 511 3789 ἐν
538 3725 701 3804 ἀκροπόλει.
749 3727 889 3791 Affirmat
915 3727 1109 3805 Boeokhins,
1142 3749 1240 3791 aream
1270 3727 1363 3811 signi·

347 3841 430 3905 ficari
451 3841 615 3929 Lindiamf,
638 3843 769 3908 laudans
791 3845 921 3909 Meursii
945 3844 1045 3909 Rhod.
1070 3845 1087 3908 I
1111 3848 1140 3908 6.
1188 3843 1260 3925 Quo
1281 3845 1360 3910 libro

346 3958 485 4023 nondum
507 3961 555 4024 uti
578 3961 675 4045 potui.
722 3961 812 4026 Certe
836 3961 975 4026 Minerva
997 3961 1110 4026 Lindia
1125 3962 1207 4047 apud
1224 3961 1361 4026 Rhodios

347 4076 408 4139 fuit
431 4075 684 4155 celebratissima,
709 4079 802 4163 inque
825 4081 891 4164 ejus
913 4079 1029 4164 templo
1053 4080 1145 4143 etiam
1169 4079 1226 4143 hoo
1242 4101 1361 4142 carmen

347 4201 556 4258 consecratum
587 4204 650 4258 est:
683 4204 713 4258 et
735 4205 920 4260 memoratur
942 4196 973 4260 id
998 4197 1147 4281 templum
1171 4219 1189 4260 a
1211 4195 1360 4260 Strabone

346 4303 383 4368 L.
416 4305 496 4368 XIV
527 4330 556 4391 p.
589 4310 671 4387 666,
697 4317 728 4372 et
751 4331 770 4372 a
793 4309 931 4374 Diodoro
954 4310 1015 4376 Sio.
1040 4311 1076 4375 L.
1101 4309 1130 4372 V
1154 4311 1189 4374 C.
1216 4314 1277 4388 58,
1302 4334 1359 4375 oon

345 4423 446 4488 ditum
452 4473 461 4502 ‚
486 4426 656 4492 secundum
678 4427 783 4505 illum,
809 4427 1250 4509 aDanaidibns,seoundu1n
1277 4431 1358 4496 huno
