3725 5542
807 741 871 800 443

330 963 421 1024 quam
452 962 525 1023 ergo
555 939 677 1003 nullum
704 910 855 1023 ejusmodi
879 938 1052 1022 exemplum
1077 937 1235 1012 novimus,
1260 932 1350 1019 quale

331 1058 506 1142 postulatur
539 1079 558 1119 a
587 1056 740 1131 Krausio‚
771 1067 872 1120 tamen
907 1065 989 1119 certe.
1020 1057 1052 1120 iu
1084 1055 1197 1119 diserta
1226 1051 1349 1116 Pindari

330 1177 468 1241 oratione
491 1175 744 1260 acquiescendum
769 1182 824 1238 est.
849 1174 959 1258 Neque
982 1165 1153 1258 quidquam
1169 1173 1235 1256 ejus
1252 1169 1350 1234 oratio

331 1294 438 1371 haba,
468 1314 531 1376 quo
554 1292 672 1376 aliquid
696 1300 815 1376 praeter
837 1291 1092 1356 consuetudinem
1116 1290 1230 1354 factum
1255 1286 1347 1371 signi·

331 1411 420 1477 ficare
451 1411 606 1474 videatur:
632 1409 690 1474 hoc
717 1416 818 1474 tamen
842 1431 968 1486 moneo,
993 1430 1178 1493 quemquam
1203 1411 1349 1491 apparet,

331 1550 392 1593 non
417 1528 511 1592 luisse
535 1535 621 1592 extra
644 1549 758 1591 morem
783 1536 814 1591 et
837 1527 1109 1604 consuetudinem,
1134 1535 1170 1590 ut
1189 1531 1352 1589 certaturos

332 1645 470 1709 victimas
503 1645 644 1708 afferrent
671 1650 702 1708 et
725 1643 885 1728 extispicia
907 1644 947 1708 ob
971 1666 1022 1707 eos
1046 1645 1169 1719 fierent,
1193 1663 1256 1705 non
1280 1638 1353 1703 inde

332 1762 502 1827 necessario
526 1761 688 1846 consequi,
713 1783 832 1846 semper
848 1760 906 1824 hoo
922 1761 1038 1824 factum
1055 1782 1120 1824 esse
1136 1759 1175 1823 ab
1192 1757 1350 1821 omuibus:

333 1879 437 1964 potuit
460 1901 525 1943 erue
548 1900 614 1943 mos
621 1927 630 1957 ,
656 1900 748 1962 quem
773 1878 827 1962 qui
851 1877 943 1942 vellet
966 1884 1161 1962 sequeretur:
1187 1873 1271 1959 quod
1287 1873 1353 1958 qui·

333 1997 404 2062 dem
434 1997 461 2062 ai
491 1998 536 2062 ita
558 2006 622 2073 est,
647 1996 767 2060 facilius
791 1996 883 2059 etiam
906 1995 972 2058 fieri
996 1995 1116 2078 potuit,
1141 2001 1177 2057 ut
1200 1993 1240 2056 sit
1264 1991 1353 2056 silen-

334 2113 411 2178 tium
437 2113 475 2178 de
498 2112 699 2178 certatoribus
722 2112 881 2198 extispicio
904 2135 923 2177 a
946 2111 1111 2178 certamine
1126 2109 1287 2176 subeundo
1304 2107 1353 2172 de

334 2232 459 2296 territis.

381 2351 434 2414 23.
469 2351 722 2432 στεφαναφορίαν.
746 2349 893 2415 Solebant
908 2350 1032 2434 quidem
1049 2348 1157 2413 Graeci
1172 2355 1201 2412 et
1215 2348 1246 2411 in
1260 2345 1354 2410 sacris

336 2467 483 2532 faciendis
506 2467 608 2531 ornari
630 2467 768 2544 coronis,
794 2467 880 2532 velut
902 2466 986 2552 apud
1002 2466 1160 2530 Platonem
1179 2462 1352 2548 Cephalus,

336 2586 383 2650 De
406 2586 481 2671 Rep.
506 2585 543 2649 L.
569 2585 585 2648 Ι
609 2587 674 2650 328
698 2607 732 2662 o,
756 2585 844 2650 etin
868 2585 986 2670 epulis,
1004 2581 1263 2669 quemadmodum
1279 2581 1355 2645 Her·

336 2703 420 2768 eules
444 2702 526 2788 apud
549 2702 745 2788 Euripidem,
770 2702 838 2767 Alc.
864 2705 946 2779 776,
971 2709 1001 2766 et
1024 2700 1112 2786 quasi
1135 2701 1169 2764 in
1191 2699 1275 2764 omni
1295 2698 1356 2762 lae·

336 2820 413 2884 tiore
436 2821 577 2905 negotio:
602 2819 664 2886 sid.
681 2819 775 2905 Soph.
796 2819 875 2885 Oed.
891 2819 948 2903 Ty.
966 2821 1026 2896 82,
1042 2817 1152 2882 Traoh.
1172 2819 1248 2883 178.
1259 2783 1357 2897 ‘Qua-

338 2946 463 3021 propter
491 2937 556 3002 fieri
581 2939 701 3023 potnit,
726 2945 762 3002 ut
785 2960 909 3014 omnes,
927 2937 980 3022 qui
997 2935 1195 3002 celebrandae
1212 2933 1357 2998 victoriae

292 3125 298 3132 ,
337 3053 536 3133 interessent,
566 3055 703 3119 coronati
726 3064 844 3120 essent:
869 3063 1079 3119 verumtamen
1104 3074 1182 3137 quae
1207 3050 1357 3115 hocloco

338 3171 452 3237 dieitur
482 3173 724 3252 στεφαναφορία,
755 3193 818 3236 non
848 3171 887 3236 ad
910 3171 1002 3236 aliem
1026 3171 1086 3236 nisi
1108 3170 1207 3254 ipsius
1231 3167 1356 3232 victoris

338 3311 481 3353 coronam
513 3288 665 3372 pertinere
691 3289 769 3353 mihi
792 3289 922 3354 videtur.
970 3287 1160 3352 Memoratnr
1184 3286 1274 3350 etiam
1300 3283 1358 3348 hoo

337 3404 522 3470 vocabulum
543 3406 576 3470 in
600 3405 756 3471 vocabulis
780 3406 977 3470 victoriarum
1000 3402 1131 3492 propriis
1154 3401 1271 3470 edulio
1288 3399 1360 3468 Pol·

339 3524 427 3605 luce,
453 3523 489 3588 L.
514 3522 568 3588 HI
590 3523 625 3590 Ο.
650 3523 743 3588 XXX
768 3527 798 3590 7.

386 3643 437 3705 16.
466 3639 575 3708 ”Atta
601 3641 626 3706 d·
656 3641 704 3706 ἐπ’
727 3640 829 3708 ἄλλον.
875 3642 945 3706 Jam
968 3643 1152 3728 significavit
1175 3645 1268 3709 Poeta
1291 3646 1358 3710 uni·

339 3779 424 3822 verse
446 3759 597 3823 victorum
618 3758 764 3844 gloriam:
788 3759 971 3845 priusquam
991 3783 1063 3826 vero
1079 3760 1116 3825 ad
1135 3761 1358 3828 Alcimedontis

340 3875 498 3940 uictoriam
530 3877 760 3962 progrediatur,
791 3878 961 3964 interponit
991 3878 1174 3946 sententiam
1205 3878 1243 3944 de
1267 3880 1358 3944 variis

340 3991 497 4058 felicitatis
529 3994 602 4058 viis:
635 3994 719 4079 quod
751 3995 876 4080 quidem
906 3995 1158 4060 iacereuidetnr
1181 3997 1359 4062 consolandi

340 4132 450 4188 musa,
485 4132 583 4194 quum
614 4109 723 4175 domna
755 4112 979 4178 Alcimedontis
1010 4112 1097 4177 clade
1127 4112 1238 4178 afflictu
1269 4123 1358 4180 esset.

339 4229 440 4313 Itrigtt
471 4249 544 4314 ergo
567 4229 634 4313 ejus
657 4238 805 4308 mentem,
827 4253 1040 4308 commonens,
1065 4253 1127 4295 nou
1152 4232 1255 4296 omnia
1279 4232 1358 4296 bona

339 4348 516 4430 contingere
539 4346 701 4425 omnibns,
723 4347 776 4412 aed
801 4348 970 4413 multifaria
993 4357 1095 4413 tamen
1119 4370 1138 4411 a
1160 4349 1228 4412 Diis
1253 4372 1357 4434 prove·

339 4465 405 4532 uiro
434 4464 565 4551 gaudie,
597 4464 786 4554 praeclarum
817 4487 886 4531 sero
916 4464 1094 4552 Olympicae
1117 4465 1261 4532 victoriae
1283 4490 1356 4556 gau·
