3725 5542
978 747 1041 808 846

499 943 730 1024 dissentiamus,
758 949 811 1031 qui
834 950 969 1013 mrmina
990 949 1064 1013 haec
1087 948 1125 1012 ad
1149 946 1361 1033 Olympiadem
1384 958 1506 1033 octoge-

498 1064 605 1129 simam
628 1066 792 1131 secundam
816 1069 959 1131 relcrunt.
994 1068 1104 1144 Ponit,
1130 1078 1166 1131 nt
1184 1067 1331 1142 vidimus,
1349 1066 1504 1131 Diodorus

498 1182 620 1248 Siculus
650 1184 828 1250 Camarinae
858 1188 1111 1252 instaurationem
1133 1209 1215 1252 anno
1237 1194 1347 1272 quarto
1369 1185 1419 1250 Ol.
1445 1188 1505 1251 79:

500 1313 573 1365 sunt
604 1312 724 1381 1111111111,
758 1315 917 1389 postquam
949 1306 1101 1382 narravit,
1129 1304 1283 1389 quomodo
1305 1313 1372 1369 tum
1395 1304 1509 1369 disem-
1543 1392 1550 1407 '

499 1420 567 1484 diae
590 1430 621 1486 ot
645 1421 724 1487 bella
743 1424 773 1488 iu
793 1424 898 1489 Sicilia
916 1426 1086 1511 composita
1104 1426 1183 1501 sint,
1204 1425 1243 1489 de
1262 1424 1422 1488 Camarina
1441 1425 1506 1508 ejus

500 1539 590 1604 verba
615 1541 704 1606 haec:
728 1544 809 1618 μετὰ
832 1544 860 1607 δὲ
879 1550 980 1610 ταῦτα
999 1544 1171 1622 Καμαρίνων
1188 1545 1243 1622 μὲν
1261 1549 1366 1607 Γελῶον
1384 1544 1507 1608 κατοικί-

500 1684 605 1733 σαντες
628 1659 661 1735 ἐξ
681 1664 777 1742 ἀρχῆς
799 1664 1087 1744 κατεκληρούχησαν.
1111 1662 1213 1748 Igitur
1228 1661 1310 1727 haud
1327 1663 1411 1746 priua
1425 1670 1506 1726 carte

500 1800 591 1863 quam
614 1780 670 1843 illo
692 1802 788 1856 anuo,
812 1790 842 1845 et
866 1781 993 1845 sortasse
1016 1782 1099 1847 brevi
1118 1791 1238 1867 maten,
1255 1781 1377 1845 initium
1392 1780 1507 1845 factum

501 1906 547 1961 est
578 1898 662 1964 urbis
693 1900 924 1965 instaurandae:
957 1910 1004 1979 et,
1037 1902 1062 1964 si
1089 1902 1155 1985 ipsa
1177 1901 1359 1965 instauratio
1381 1900 1505 1984 aliquod

501 2023 621 2102 tempos
651 2020 828 2103 requisivit,
861 2042 896 2083 co
924 2028 1077 2104 tempore,
1101 2041 1163 2104 quo
1184 2018 1357 2084 Psaumidis
1380 2020 1507 2083 victoria

501 2137 641 2221 ponitur,
665 2137 727 2202 dici
749 2140 850 2222 potuit
872 2139 974 2211 νέρννιρς
996 2136 1073 2217 ἕδραι.

547 2256 593 2320 De
624 2258 738 2321 meritis
768 2256 942 2322 Psanmidis
971 2280 1044 2343 erga
1074 2258 1203 2343 patriam
1233 2256 1294 2321 alia
1321 2279 1382 2321 uon
1405 2268 1503 2321 exstat

501 2376 661 2453 momoria,
688 2376 739 2439 sed
763 2377 795 2440 in
819 2377 867 2440 his
890 2377 1015 2441 Pindari
1038 2376 1223 2442 carminibus
1243 2378 1309 2441 laus
1325 2398 1429 2441 eorum
1445 2378 1506 2441 exi·

500 2494 569 2558 mia.
606 2494 653 2558 Dc
676 2504 790 2573 aetate,
815 2506 958 2580 quatum
973 2498 1083 2573 fuerit,
1099 2497 1230 2560 maxime
1245 2496 1327 2559 varia
1342 2496 1507 2559 traduntur

501 2636 518 2675 a
549 2612 719 2677 scholiastis
745 2613 783 2677 nd
806 2636 840 2676 vs
864 2618 915 2678 39.
964 2614 1043 2677 Mihi
1066 2614 1190 2698 quidem
1214 2614 1335 2677 videtur
1353 2615 1417 2698 jam
1440 2624 1506 2676 tum

502 2732 594 2795 luisse
625 2740 723 2796 aetate
754 2744 904 2816 provecta.
952 2733 1030 2799 Tum
1053 2756 1089 2799 ex
1113 2734 1238 2817 reliquis
1262 2732 1423 2817 utriusque
1445 2755 1507 2796 car-

501 2850 591 2914 minis
615 2850 767 2936 partibus,
792 2868 857 2914 tum
881 2853 1011 2916 maxime
1027 2875 1063 2916 ex
1079 2852 1107 2911 V
1124 2855 1164 2914 al
1182 2851 1213 2915 id
1231 2851 1335 2915 efficio.
1371 2851 1430 2915 Sed
1443 2853 1505 2936 jam

502 2968 540 3031 ad
563 2968 699 3054 singula,
724 2977 873 3053 quantum
898 2992 975 3055 opus
996 2971 1165 3047 videbitur,
1181 2970 1325 3055 deinceps
1340 2971 1505 3033 veniamus.

547 3205 703 3271 Invocatio
733 3208 819 3271 lovis
851 3209 940 3271 initio
962 3210 1121 3285 carminis,
1146 3208 1316 3292 significato
1338 3230 1372 3268 vs
1395 3209 1415 3269 3
1440 3207 1506 3290 ipso

502 3336 636 3414 tempore
668 3329 810 3394 ludorum
841 3329 1071 3416 Olympiorum,
1103 3331 1273 3415 significata
1303 3330 1394 3393 etiam
1425 3350 1459 3390 vs
1487 3330 1519 3391 l.

502 3445 634 3511 laetitiae
665 3448 805 3512 ocissima
827 3471 897 3513 cum
920 3449 1025 3512 amicis
1049 3448 1278 3526 commuuione,
1310 3448 1413 3511 statim
1437 3458 1506 3531 post

502 3564 657 3630 victoriam
682 3577 864 3651 reportatam
888 3590 1009 3631 cannen
1033 3570 1144 3631 luctum
1169 3591 1234 3631 esse
1255 3566 1400 3630 ostendit
1447 3565 1507 3629 1111

503 3694 594 3767 rupta
617 3705 650 3745 vs
673 3686 693 3746 3
717 3684 869 3748 invocatio
892 3686 1043 3770 repetitur
1065 3708 1098 3747 vs
1124 3687 1175 3749 10.

548 3804 577 3864 2.
612 3802 863 3877 ἀκαμαντόποδος.
899 3802 1025 3867 Prostra
1055 3802 1218 3866 scholiasta
1249 3815 1335 3865 vetus
1366 3802 1399 3864 in
1429 3822 1507 3864 com·

502 3921 657 4005 paratione
680 3921 858 4005 explicanda
882 3934 1018 3987 versatur
1040 3922 1204 3997 subtilius,
1229 3922 1316 4005 quasi
1339 3921 1411 4006 equi
1427 3920 1508 3983 simi·

501 4039 632 4104 litudiue
659 4038 753 4104 Poeta
776 4064 849 4104 usus
872 4042 922 4105 sit.
970 4041 1017 4104 De
1039 4043 1103 4126 ipsa
1128 4038 1222 4104 rheda
1244 4039 1323 4103 idem
1348 4037 1505 4123 epitheton

502 4160 626 4243 panitur
648 4156 698 4223 Ol.
722 4159 750 4218 V
775 4162 804 4221 6.

546 4282 582 4355 3,
609 4282 637 4341 5.
673 4278 738 4343 mi
769 4280 829 4355 γὰρ
855 4275 922 4357 ὧραι
945 4279 1138 4355 ἑλισσόμεναι.
1175 4277 1267 4341 Recte
1290 4287 1377 4341 vetus
1400 4275 1507 4339 scholi·

502 4408 567 4459 asta
596 4398 709 4461 confert
743 4394 832 4459 Hom.
866 4396 903 4459 [l.
938 4396 970 4458 Π
1002 4398 1063 4457 551
1096 4396 1339 4475 περιτελλομένων
1361 4397 1503 4460 ἐνιαυτῶν.

501 4516 648 4581 Similiter
671 4514 774 4600 llurip.
802 4515 867 4578 Alc.
892 4518 975 4578 445:
1000 4516 1126 4597 Σπάρτᾳ
1144 4517 1255 4585 κννλρὶς
1271 4516 1357 4579 hina
1373 4514 1504 4593 Rapsioi
