3725 5542
829 716 891 773 339

399 913 579 978 Latinorum
603 912 716 997 Theog.
745 914 838 977 1013.

399 1032 550 1117 Ligurum
573 1031 672 1097 Strab.
697 1029 761 1094 VII
785 1053 814 1115 p.
840 1033 915 1095 300,

401 1150 666 1237 Hyperboreorum
690 1150 804 1213 Herod.
830 1149 874 1213 IV
900 1153 952 1232 32.

401 1271 560 1355 Gryphum
586 1270 617 1333 in
640 1268 785 1354 Rhipaeis
806 1268 1046 1334 occidentalibus
1069 1269 1275 1335 habitantium
1295 1272 1365 1337 Sclr.

357 1390 467 1454 Aesch.
492 1388 594 1453 Prom.
620 1390 694 1453 803.

402 1507 441 1572 Et
460 1518 566 1573 contra
587 1508 701 1593 primae
721 1507 845 1591 quidem
865 1510 1164 1575 commemorationis
1184 1510 1364 1575 documenta

357 1649 418 1690 non
442 1626 585 1713 disputo:
609 1635 757 1691 memorat
780 1626 834 1689 illo
858 1625 925 1689 loco
949 1625 1078 1705 Strabo,
1102 1628 1139 1691 ab
1162 1626 1366 1692 Eratosthene

357 1744 533 1809 memoriam
552 1744 778 1829 Tyrrhenorum
798 1745 829 1808 in
846 1742 940 1807 ltalia
955 1744 1092 1811 Hesiodo
1112 1745 1223 1811 tribui:
1245 1770 1263 1809 a
1282 1745 1366 1808 sclao·

356 1863 444 1927 liasta
468 1863 640 1949 Apollonii,
666 1863 835 1929 Hesiodum
860 1862 964 1928 Circes
987 1863 1121 1928 insulam
1144 1865 1176 1928 in
1199 1864 1275 1929 mari
1294 1864 1367 1949 'lyr-

354 1982 449 2047 rheuo
474 1983 620 2068 posuisse.

399 2101 539 2166 Secunda
562 2101 723 2177 memoria,
757 2122 834 2185 quae
857 2100 1039 2165 Latinorum
1063 2111 1126 2176 est,
1151 2100 1233 2185 apud
1258 2100 1366 2165 Hesio-

354 2219 428 2284 dum
451 2218 519 2283 looo
543 2241 560 2283 a
584 2218 695 2281 Vossio
719 2218 812 2282 citato
835 2219 921 2283 nulla
945 2227 1009 2282 est:
1038 2228 1185 2283 memorat
1209 2218 1365 2284 Hesiodus

355 2337 485 2425 Agrium
509 2346 600 2422 atque
624 2335 786 2413 Latinum,
811 2337 889 2401 filios
914 2336 1017 2401 Circes
1041 2346 1070 2401 et
1091 2336 1230 2421 Ulyssis,
1255 2360 1366 2422 eosque

355 2478 440 2541 reges
454 2450 539 2521 “dicit
562 2456 655 2520 fuisse
678 2455 913 2543 Tyrrhenorum.

400 2574 519 2639 Tertiae
541 2573 718 2651 memoriae,
739 2572 904 2658 Ligurum,
926 2572 1142 2637 documentum
1164 2596 1200 2637 er
1216 2572 1365 2638 Strabone

358 2692 439 2756 liunc
462 2690 554 2756 habet
578 2713 697 2755 versum
722 2690 849 2755 Hesiodi

452 2810 648 2883 Aldloaratcas
671 2810 823 2887 Alacres
847 2809 886 2874 ἰδὲ
910 2811 1025 2881 Σκύθας
1049 2810 1268 2887 immania.

401 2929 555 3010 Quartae,
586 2952 623 2995 ex
654 2929 829 2993 Herodoto:
861 2929 979 3010 Ἡσιόδῳ
1008 2930 1062 3007 μέν
1088 2932 1151 2994 ἐστι
1175 2928 1238 3009 περὶ
1262 2931 1365 3007 ’Τπερ-

356 3048 459 3131 βορέων
483 3048 627 3129 εἰρημένοι.

401 3168 521 3250 Quinta
550 3168 695 3233 memoria
725 3166 945 3231 documentum
977 3165 1068 3231 habet
1097 3164 1279 3230 scholiastae
1308 3168 1366 3229 Ae·

358 3286 471 3373 schyli:
508 3288 539 3351 in
571 3287 658 3373 cujus
688 3285 804 3350 scholio
835 3283 921 3349 nulla
949 3292 995 3348 est
1025 3305 1082 3347 nec
1111 3281 1287 3347 Occidentis
1310 3304 1366 3347 nec

358 3406 507 3471 montium
539 3404 720 3490 Ripaeorum
752 3404 883 3468 mentio:
916 3409 1036 3467 tantum
1066 3401 1180 3465 dicitnr
1209 3398 1364 3464 Hesiodus

358 3526 476 3611 primus
499 3524 537 3588 de
560 3523 683 3609 gryphis
707 3523 784 3587 mira
802 3544 953 3587 narrasse:
978 3521 1041 3601 τερὶ
1062 3518 1098 3585 ὦν
1116 3519 1242 3591 Ἠσίοδος
1258 3524 1367 3599 πρῶτος

359 3643 578 3725 ἐτερατεύσατο.

403 3762 460 3825 His
483 3783 518 3826 ac
541 3760 655 3825 talibus
678 3759 869 3823 documentis
894 3756 1021 3823 Vossius
1046 3780 1120 3821 usus
1143 3756 1211 3820 vult
1231 3754 1362 3832 efficere,

359 3879 495 3943 Hesiodo
519 3877 716 3942 Occidentem
739 3876 880 3961 Europae
903 3876 1089 3957 innotuisse,
1112 3882 1144 3937 et
1166 3873 1204 3938 ab
1228 3872 1282 3936 illo
1302 3871 1365 3957 Hy·

359 3996 520 4083 perboreos
540 3998 572 4062 in
593 3995 833 4061 occidentalibus
848 3994 990 4079 Europae
1005 3992 1143 4079 partibus
1159 3992 1275 4077 positos
1290 4012 1365 4054 esse.

403 4115 521 4196 Quodsi
553 4124 660 4180 autum
692 4138 728 4179 ex
759 4115 797 4179 iis
829 4112 1086 4199 quinquepertitis
1116 4110 1307 4175 documentis
1330 4130 1366 4173 ea

358 4236 548 4321 colligimus,
584 4257 661 4319 quae
695 4233 733 4297 ad
770 4232 982 4319 Hyperboreos
1016 4232 1192 4316 pertinent,
1221 4228 1299 4292 nilril
1331 4250 1366 4291 ea

359 4357 534 4435 continent,
564 4354 624 4419 nisi
647 4354 722 4432 hoc,
747 4351 940 4417 Herodotum
963 4350 1142 4428 tradidisse,
1167 4348 1204 4413 ab
1228 4344 1365 4411 Hesiodo

361 4476 573 4562 Hyperboreos
604 4480 784 4538 memoratos
816 4494 889 4537 esse.
938 4470 1021 4549 Quid
1054 4470 1091 4533 de
1114 4468 1237 4553 regione
1259 4487 1365 4529 eornm

1190 4588 1244 4645 22*
