3725 5542
874 702 938 765 263

396 911 432 968 ut
461 914 507 969 est
538 905 620 991 apud
652 904 847 980 Ciceronem,
880 902 971 967 Tusc.
1000 903 1072 968 Ia.
1119 902 1318 988 significatur
1342 928 1414 990 ergo

396 1022 539 1087 Hieronis
564 1022 709 1087 eximium
732 1020 871 1085 studium
895 1022 962 1105 ejus
984 1022 1140 1099 musicae,
1165 1045 1246 1107 quae
1266 1024 1414 1088 conviviis

396 1138 535 1204 adhiberi
558 1140 687 1205 solebat.

443 1261 495 1321 26.
530 1259 614 1323 αλλὰ
646 1260 769 1338 Δωρίαν.
820 1258 890 1323 lam
925 1258 1018 1322 Poeta
1050 1258 1227 1344 proposuit,
1259 1259 1414 1343 quomodo

396 1383 528 1462 praestet
561 1376 705 1462 Olympia
738 1384 768 1439 et
804 1376 905 1440 veniat
936 1375 1009 1440 inde
1042 1375 1151 1441 Jovem
1182 1385 1213 1441 et
1244 1377 1412 1446 Hieronem

394 1492 524 1557 canendi
554 1514 662 1557 causa:
694 1514 777 1557 nunc
808 1514 878 1557 vero
899 1501 1086 1578 reportatam
1108 1493 1147 1558 ab
1171 1495 1229 1559 hoc
1252 1495 1412 1559 victoriam

394 1620 425 1675 et
448 1612 545 1696 ipsam
569 1610 744 1697 Olympiam
766 1610 950 1676 laudaturos
973 1614 1090 1691 fusius,
1115 1614 1203 1699 quasi
1228 1614 1267 1679 de
1289 1614 1411 1699 integro

394 1752 516 1795 carmen
545 1730 698 1807 instituit,
731 1729 878 1795 citharam
910 1730 1091 1795 sumendam
1114 1754 1180 1798 esse
1203 1731 1318 1796 dicens.
1366 1732 1413 1795 lle

396 1849 577 1934 phorminge
601 1848 697 1913 Doris
720 1848 913 1913 monebimus
937 1848 976 1912 ad
1001 1872 1044 1913 vs.
1072 1851 1146 1913 164.

440 1970 492 2031 29.
523 1966 727 2044 Pherenicus,
752 1966 897 2031 Hieronis
921 1986 1036 2051 equus,
1068 1967 1215 2032 laudatur
1238 1969 1329 2031 etiam
1352 1968 1410 2052 Py.

392 2083 445 2149 III
483 2086 563 2148 lea:
599 2092 630 2148 et
664 2082 858 2168 Bacchylidis
892 2084 931 2148 de
967 2107 1003 2149 eo
1038 2105 1144 2149 versus
1176 2094 1363 2150 memoratur
1393 2109 1412 2149 a

393 2200 573 2265 scholiasta:
598 2199 777 2282 ξανθότριχα
795 2202 850 2279 μὲν
873 2201 1018 2281 Φερένικον
1032 2202 1162 2284 Ἀλφεὸν
1179 2206 1248 2282 παρ’
1265 2203 1410 2284 εὐρυδίναν

392 2324 487 2383 πῶλον
516 2318 710 2396 οὶελλοδρὸμον
741 2320 911 2392 νικήσαντα.
960 2320 1049 2400 Χάρις
1080 2328 1184 2386 autem
1208 2321 1297 2385 aliter
1319 2320 1409 2385 Pisae

392 2436 523 2513 dicitur,
556 2436 645 2500 aliter
675 2435 853 2501 Pherenioi:
887 2437 941 2501 illa
972 2438 1116 2503 nobilitas
1140 2447 1172 2502 et
1194 2438 1309 2524 gloria,
1335 2439 1409 2502 haec

393 2576 463 2619 vero
485 2554 554 2618 laus
577 2556 609 2619 in
634 2577 742 2619 cursus
766 2556 931 2619 certamine
953 2562 1051 2640 parta.

439 2676 491 2737 32.
535 2675 614 2739 σύτο.
655 2672 853 2758 Significatu
887 2696 923 2737 ea
953 2674 1110 2752 celeritas,
1146 2694 1208 2759 qua
1236 2675 1409 2740 carceribus

393 2812 491 2875 equus
515 2790 663 2855 evolavit:
699 2791 749 2857 Sic
772 2792 927 2856 Homerus
950 2790 1166 2858 1111111167
1185 2792 1408 2879 desanguine,

392 2908 446 2993 qui
469 2916 634 2993 repentae
657 2908 782 2975 vulnere
805 2910 981 2987 exsiliebat,

665 3026 735 3093 σύτο
758 3028 782 3091 δ’
805 3023 885 3107 αἷμα
907 3028 1090 3110 κελαινεφές.

437 3148 489 3210 83.
525 3146 690 3221 ἀκέντητον.
738 3146 851 3231 Magna
882 3169 955 3211 sane
986 3146 1071 3224 laus,
1103 3145 1129 3209 si
1161 3146 1285 3230 quidem
1314 3148 1406 3213 etiam

391 3262 552 3349 Olympiae
575 3265 607 3329 in
632 3264 795 3329 conamine
811 3288 885 3329 usus
901 3265 989 3350 flagri
1005 3271 1037 3329 et
1051 3264 1171 3328 stimuli
1187 3288 1253 3329 esse
1269 3265 1404 3343 solebat,

389 3382 648 3465 quemadmodum
683 3391 818 3469 tempore
854 3383 1005 3448 Achillis:
1046 3404 1116 3447 nam
1153 3383 1297 3448 Diomedi
1332 3392 1406 3448 sunt

388 3498 514 3564 obortae
544 3500 711 3585 lacrymae,
748 3522 844 3586 quum
876 3502 1006 3566 certanti
1038 3502 1077 3567 de
1107 3502 1242 3587 praemio
1275 3502 1404 3588 flagrum

387 3618 530 3683 manibus
554 3620 688 3683 excussit
711 3618 855 3685 Phoebus
879 3619 1011 3705 Apollo,
1035 3621 1155 3705 atejus
1178 3621 1251 3705 equi

589 3736 803 3819 ἐβλάφθησαν,
827 3735 897 3802 ἄνευ
920 3738 1040 3820 κέντροιο
1062 3737 1182 3810 θέοντες.

341 3858 351 3877 “
386 3852 425 3917 11.
450 3852 565 3918 XXIII
589 3856 664 3919 387.

431 3974 485 4036 34.
520 3973 619 4052 τιροσέΙ
643 3970 686 4048 ξε.
722 3972 773 4037 Sic
801 3974 862 4035 126
879 3972 978 4053 κράτει
993 3973 1023 4037 δὲ
1039 3972 1177 4038 πέλασον.
1214 3972 1308 4057 Sopb.
1326 3974 1402 4036 Ant.

389 4092 472 4154 1311
497 4090 703 4170 συγκέκραμαι
727 4090 790 4173 δυίρ.

431 4210 483 4271 85.
527 4208 709 4288 Συρακόσιον.
757 4207 1018 4294 Gonjungendum
1053 4214 1100 4272 est
1134 4230 1205 4272 cum
1239 4206 1401 4289 δεσπόταν,

385 4348 447 4390 non
463 4347 534 4391 cum
549 4326 696 4403 βασιλῆα.
725 4327 874 4391 Similiter
890 4326 942 4391 01.
955 4326 1003 4391 VI
1019 4330 1060 4391 80
1078 4326 1209 4409 δεσπότᾳ
1225 4327 1399 4407 Συρακοσίῳ.

384 4442 515 4533 Kayseri
538 4445 719 4509 sententiam
743 4446 775 4511 in
798 4447 881 4511 notis
909 4446 1024 4510 criticis
1048 4444 1226 4523 attulimus,
1253 4444 1400 4508 vocabula
