3725 5542
1023 718 1066 776 28

536 920 660 1006 proeliis
689 920 845 985 laudatus.
892 918 970 983 Inde
1000 918 1151 1002 originem
1178 940 1254 1002 gens
1277 918 1426 983 Theronis
1450 918 1553 983 habet

534 1037 666 1123 Oportet
687 1036 859 1102 Theronem
882 1037 1019 1101 carmina
1039 1035 1212 1100 laudatoria
1233 1036 1376 1120 lyrasque
1398 1037 1551 1113 nancisci,

534 1178 604 1220 nam
624 1154 786 1241 Olympiae
802 1155 961 1219 victoriam
977 1153 1174 1239 reportavit'’
1186 1153 1211 1237 ¹)
1241 1153 1292 1218 Sic
1307 1153 1434 1238 quidem
1449 1154 1551 1239 gentis

531 1273 617 1338 illius
647 1274 809 1349 memoria,
834 1295 913 1358 quae
937 1272 1091 1356 quendam
1114 1281 1260 1336 terrorem
1283 1272 1389 1337 afferre
1412 1272 1548 1349 solebat,

535 1414 554 1455 a
575 1391 710 1456 Pindaro
733 1392 771 1455 ad
792 1390 1014 1455 vicissitudinis
1034 1412 1135 1455 rerum
1156 1390 1359 1455 humanarum
1379 1390 1551 1475 exemplum

533 1517 565 1574 et
594 1509 634 1573 ad
660 1510 900 1574 consolationem
923 1508 1063 1573 adbibita
1086 1519 1141 1573 est.
1189 1509 1231 1571 Et
1254 1516 1410 1594 praeterea
1432 1510 1464 1573 in
1488 1532 1553 1572 om·

534 1626 626 1691 nibus
656 1629 722 1712 ejus
752 1626 940 1691 carminibus
970 1624 1064 1691 semel
1095 1634 1142 1690 est
1172 1625 1419 1691 Labdacidarum
1452 1626 1553 1691 brevis

533 1745 663 1822 mentio,
687 1746 719 1809 in
743 1746 876 1809 carmine
901 1744 1031 1808 isthmia
1050 1745 1158 1821 tertio,
1179 1743 1218 1808 ad
1239 1744 1400 1808 Melissum
1421 1744 1553 1828 scripto,

534 1864 589 1947 qui
613 1872 782 1927 maternam
805 1885 824 1926 a
845 1862 1031 1927 Labdacidis
1053 1863 1186 1928 ducebat
1205 1864 1370 1947 originem,
1390 1863 1496 1948 ibique
1514 1862 1554 1927 de

531 1982 709 2047 infortuniis
732 1982 889 2046 silentium
913 1990 977 2045 est:
1001 1982 1102 2066 regiae
1128 1983 1229 2066 gentis
1253 1981 1421 2046 laudantur
1441 1983 1552 2069 cpes.¹)

533 2098 602 2163 Hoc
634 2100 773 2164 rideatur
803 2100 834 2163 in
868 2106 958 2185 poeta
988 2098 1136 2164 Thebano
1167 2100 1295 2177 mirum,
1328 2122 1418 2185 parce
1445 2122 1553 2165 sunere

532 2224 646 2281 veteres
669 2215 831 2281 Thebanos
854 2239 950 2302 reges.
987 2216 1048 2281 Sed
1068 2216 1221 2281 Pindarus
1244 2217 1444 2282 Aeacidarum
1464 2220 1554 2302 justi-

532 2335 576 2399 tia
599 2336 702 2421 potius
725 2345 756 2398 et
778 2334 962 2399 fortitudine
984 2335 1128 2399 Herculis
1151 2334 1322 2399 delectetus
1345 2351 1406 2399 est:
1427 2337 1552 2421 tragicis

532 2452 628 2538 Lay'us
651 2462 682 2517 et
702 2451 855 2537 Oedipus,
876 2454 1001 2539 tragicis
1019 2452 1161 2517 Eteocles
1181 2464 1212 2517 et
1232 2453 1406 2538 Polynices,
1427 2455 1551 2539 tragicis

533 2571 631 2655 pottis
663 2571 790 2655 inquam
814 2572 929 2635 uetusti
953 2570 1119 2635 difficultas
1142 2571 1278 2647 oraculi,
1301 2571 1464 2656 fatalisque
1486 2594 1552 2636 cae·

532 2686 586 2753 des
609 2696 640 2751 ct
663 2687 796 2772 Erinnys
820 2687 879 2752 luit
902 2688 1031 2753 cauendi
1055 2689 1213 2753 materies:
1238 2689 1282 2752 sic
1305 2690 1441 2753 misereri
1465 2711 1551 2774 reges

532 2805 652 2889 sibique
687 2807 794 2871 timere
830 2806 973 2871 mortales
1007 2805 1138 2871 discant.
1194 2804 1347 2870 Pindarus
1382 2829 1454 2871 vero
1487 2829 1550 2871 non

531 2923 757 2989 miserationem
778 2925 857 2989 vitae
877 2924 1030 2989 humanse
1049 2935 1081 2988 et
1101 2932 1218 2988 metum
1238 2925 1380 3010 injicere,
1401 2925 1454 2990 sed
1470 2948 1551 2989 com·

531 3040 676 3106 mendsre
698 3042 879 3107 modestiam
902 3050 935 3106 et
956 3042 1139 3106 suavitatem
1162 3042 1320 3126 impertire
1342 3043 1450 3107 voluit.

1002 3280 1020 3362 t
1046 3280 1077 3340 6.

933 3515 982 3578 De
1004 3515 1147 3578 lacida

577 3746 627 3810 Ad
651 3748 732 3813 Deos
757 3748 894 3813 Deorum
917 3749 1033 3833 prolem
1057 3749 1271 3835 adjungimus,
1295 3748 1396 3833 deque
1419 3750 1548 3814 vetustis

532 3862 676 3929 heroibus
695 3866 770 3949 quid
789 3866 944 3931 Pindarus
963 3868 1106 3945 senserit,
1126 3866 1185 3931 hoc
1201 3865 1270 3931 loco
1285 3888 1437 3951 exponere
1447 3871 1546 3953 juvat.

530 3980 617 4061 Quos
648 3983 774 4068 quidem
805 4006 867 4049 non
898 3986 1059 4071 potuimus
1089 3986 1165 4069 quin
1194 3986 1257 4070 jam
1289 3992 1379 4049 autes
1409 3987 1547 4051 oratione

531 4108 636 4165 nostra
654 4103 892 4189 attingeremus:
912 4104 967 4169 sed
986 4126 1088 4169 rerum
1104 4103 1180 4169 ordo
1195 4126 1279 4169 nuuc
1294 4102 1426 4168 maxime
1441 4125 1546 4168 eorum

529 4220 706 4284 memoriam
728 4222 875 4306 postulat.
923 4221 1004 4287 Nam
1027 4245 1106 4308 quae
1127 4222 1230 4286 adhuc
1250 4222 1403 4306 persecuti
1421 4244 1545 4299 sumus,

564 4496 589 4557 n
607 4496 645 4545 οι.
662 4496 702 4545 11.
720 4496 827 4545 ss-ss.
892 4497 917 4557 s>
939 4496 977 4545 rs.
994 4496 1035 4546 ss.
