3725 5542
834 738 912 801 Ἰ383
1003 740 1012 765 ⁶

380 966 521 1008 amorem.
569 942 661 1022 Quod
692 942 746 1007 illa
775 964 858 1007 nunc
881 962 986 1005 reeens
1011 940 1180 1003 instaurata
1203 942 1302 1010 essct,
1326 931 1385 995 effi·

380 1038 447 1126 care
469 1062 559 1127 etiam
583 1062 700 1147 potuit,
727 1070 761 1127 ut
783 1060 953 1147 impensius
975 1057 1098 1143 singula
1120 1056 1188 1121 locs
1209 1053 1360 1118 laudaret.

427 1182 478 1243 28.
514 1180 647 1261 προσὸν.
683 1178 855 1265 Populum:
892 1178 930 1243 cf.
966 1175 1017 1241 01.
1052 1175 1099 1239 IX
1137 1176 1198 1238 143
1233 1170 1385 1252 Πνορροοσίῳ

380 1305 509 1378 στρατῶν
535 1298 645 1363 Aesch.
669 1297 759 1368 llum
785 1300 847 1361 889
872 1296 956 1367 πόλει
978 1303 1061 1373 μῆνιν
1084 1292 1243 1370 ἢβλοιβίνν
1258 1290 1383 1372 στρνντῷ.

426 1420 478 1480 29.
514 1416 687 1481 Memorare
709 1415 890 1480 scholiastae
915 1421 1030 1478 veteres
1046 1418 1077 1475 et·
1091 1408 1292 1482 recentiores,
1309 1403 1385 1488 Hip

380 1534 514 1621 paridem
539 1534 629 1599 undis
652 1533 808 1599 advexisse
832 1556 880 1611 ea,
906 1531 1020 1617 quihus
1042 1551 1120 1614 opus
1143 1533 1207 1592 erat
1221 1524 1261 1589 ad
1279 1522 1382 1588 urbem

381 1652 613 1721 aedificandam:
637 1653 787 1717 recentior
811 1652 903 1719 etiam
926 1650 1027 1727 addit,
1051 1648 1194 1713 habuisse
1216 1644 1305 1709 illum
1322 1642 1387 1738 torp*-

381 1782 427 1837 tes
457 1773 491 1839 iu
518 1779 622 1839 moute
650 1771 783 1856 quodam
814 1771 920 1837 multis
952 1769 1043 1855 pleno
1074 1765 1251 1831 arboribus:
1283 1784 1385 1827 caesas

381 1890 454 1955 inde
487 1912 540 1975 per
573 1890 685 1955 flumen
717 1889 867 1955 advectas.
914 1887 995 1956 Nam
1025 1870 1185 1952 domorum
1216 1889 1383 1948 erectarum

382 2010 470 2095 quasi
493 2009 587 2078 fuisse
609 2008 744 2093 sylvam,
768 1998 900 2093 ideoque
923 2005 1070 2093 appellari
1092 2005 1192 2073 ἅλσον.
1228 2001 1266 2067 Iu
1284 2007 1384 2064 vetere

380 2148 452 2193 vcro
476 2136 660 2195 memoratur
683 2126 774 2193 etiam
798 2125 969 2193 Aristarchi
991 2123 1159 2200 sententia,
1183 2120 1273 2187 ἄλσος
1294 2118 1387 2182 fuisse

380 2246 478 2331 ipsam
505 2254 634 2319 terr-amr
658 2266 725 2311 eam
748 2250 850 2315 autem
876 2244 946 2309 urbi
968 2243 1062 2308 luisse
1085 2214 1221 2306 additam
1244 2236 1387 2323 Hippari-

381 2362 428 2429 dis
460 2363 587 2441 alluuie,
612 2362 766 2449 quomodo
791 2366 951 2448 Aegyptus
975 2370 1065 2428 aucta
1087 2361 1147 2425 fuit
1170 2358 1284 2425 alluuie
1308 2355 1383 2421 Nili.

381 2480 521 2567 Heyuius
551 2504 621 2547 uero
650 2482 697 2546 his
725 2504 787 2547 nou
819 2482 1001 2559 assentitur,
1035 2490 1066 2544 et
1096 2479 1180 2544 verbi
1206 2484 1301 2561 κολλᾷ
1323 2497 1384 2541 uon

381 2600 513 2687 amplius
536 2600 738 2686 Hipparidem
761 2622 867 2667 verum
885 2600 987 2687 ipsum
1002 2597 1196 2663 Pssumidem
1213 2596 1384 2682 subjeetum

382 2741 447 2785 erse
469 2720 630 2795 existimat
667 2718 771 2805 Hujus
793 2740 938 2803 magnum
955 2718 1088 2792 laborem
1104 2736 1291 2802 magnosque
1307 2735 1387 2778 sum·

380 2846 432 2902 tus
461 2838 494 2903 in
523 2838 598 2903 urbe
629 2837 830 2903 instauranda
858 2838 971 2915 fuisse,
1003 2845 1040 2904 ut
1070 2858 1137 2901 uere
1165 2834 1227 2900 diei
1250 2833 1387 2920 potuerit

380 2955 529 3041 populum
553 2979 570 3021 e
592 2955 773 3025 difficultate
803 2956 841 3020 ad
871 2955 970 3021 lucem
994 2955 1182 3041 perduxisse.
1226 2952 1292 3037 hlgo
1315 2974 1386 3015 sero

381 3083 461 3141 carte
491 3074 581 3149 ν’ίλσος
612 3076 745 3154 ὑψίγυιον
768 3074 909 3155 ίνολοίμων
932 3075 970 3141 de
993 3074 1089 3141 densa
1111 3074 1258 3141 domuum
1282 3073 1385 3142 multi·

381 3191 489 3257 tudine
520 3192 638 3262 dietum
668 3202 761 3279 puto:
793 3192 884 3267 ν’ίλσος
916 3196 1007 3262 stiam
1040 3194 1078 3262 (le
1107 3194 1176 3258 loeo
1206 3214 1291 3257 sacro
1322 3213 1384 3256 non
1462 3163 1467 3181 ⁹

381 3312 500 3377 consite
530 3312 590 3377 dici
621 3314 833 3390 arruotavimus
864 3315 903 3379 ad
934 3313 986 3380 Ol.
1015 3313 1069 3379 ΙΠ
1099 3316 1160 3388 31,
1188 3311 1242 3375 sed
1264 3310 1385 3396 proprie

380 3430 564 3516 significasse
599 3454 706 3497 nemus
737 3431 851 3497 habeus
884 3434 1021 3501 arbores:
1057 3431 1246 3517 Hesychius,
1277 3427 1383 3524 ἄλσος,

379 3549 536 3630 amiculam
555 3550 656 3623 σίσσςε
673 3548 853 3623 Theocritus
868 3550 916 3618 Id.
933 3551 951 3616 Ι
969 3552 1031 3618 116
1047 3549 1208 3636 conjungit
1222 3546 1308 3630 ὅλοιν,
1325 3548 1386 3627 δον-

378 3668 465 3751 Mtls,
488 3665 595 3735 ίίλσεο.
630 3666 712 3754 Ergo
736 3668 883 3741 domuum
906 3670 1138 3736 multitudinem
1160 3690 1231 3733 cum
1253 3668 1384 3733 nemoris

378 3787 536 3853 arboribus
570 3786 665 3853 Poeta
694 3796 866 3874 comparat,
899 3788 1045 3875 adjiciens
1073 3788 1208 3874 apprime
1238 3785 1382 3853 idoneum

377 3904 558 3989 adjectivum
575 3906 716 3990 ὑψίγυιον,
734 3906 940 3981 aedificiorum
956 3907 1170 3993 proceritatem
1182 3904 1382 3991 significando

377 4020 464 4089 celsis
488 4023 646 4089 arboribus
669 4024 808 4099 similem.
834 4025 979 4105 Θοίλννμος
1002 4025 1040 4092 de
1063 4027 1130 4111 ipsa
1146 4025 1192 4089 vel
1208 4033 1275 4089 tota
1289 4022 1381 4089 domo

377 4141 490 4209 dieitur
520 4142 611 4207 etiam
639 4141 689 4207 Ol.
714 4142 761 4207 VI
785 4146 821 4223 2,
853 4145 905 4211 ubi
929 4146 1017 4230 quasi
1041 4144 1124 4209 idem
1146 4152 1193 4209 est
1215 4153 1309 4228 atque
1330 4142 1381 4217 μί

376 4284 482 4341 yepes,
516 4259 599 4343 quod
629 4261 660 4324 iu
694 4261 797 4329 eadem
829 4264 980 4329 sententia
1010 4263 1135 4328 dieitur.
1185 4261 1378 4353 Adjectivum

378 4379 501 4445 σταδίων
532 4386 613 4443 recte
636 4380 805 4465 explicatur
828 4404 846 4449 a
868 4382 1034 4449 scholiasta
1055 4391 1156 4468 vetere
1178 4378 1209 4447 εὖ
1232 4381 1379 4455 ἑστώτων,

308 4572 312 4581 Δ
378 4498 505 4579 liparim,
536 4520 721 4587 quamquam
751 4520 844 4564 causa
874 4524 935 4569 nou
965 4510 1046 4565 recte
1077 4501 1260 4589 apponitur,
1285 4521 1381 4588 quum
