3725 5542
1005 656 1072 716 464

760 853 830 931 vult
853 853 878 916 δ’
900 855 962 936 ἐμᾷ
984 858 1076 934 cvxl
1098 853 1200 932 tuam
1223 851 1310 930 icum

758 970 880 1044 θεοσεβῆ
901 975 992 1051 φῶτα
1014 969 1101 1034 κεδνὰ
1122 970 1259 1048 πράξειν·

534 1107 597 1169 quo
626 1087 792 1171 significari
821 1085 959 1164 videtur,
985 1085 1082 1150 mum
1106 1087 1192 1170 pium
1216 1095 1247 1151 ct
1270 1086 1453 1172 hospitalem
1478 1111 1547 1153 nac·

533 1213 636 1268 turum
668 1226 734 1268 csso
765 1211 877 1266 sortem
904 1201 1030 1287 dignam
1053 1225 1089 1266 co
1112 1225 1230 1283 amors,
1255 1227 1347 1288 qnam
1371 1205 1440 1270 aliis
1464 1229 1548 1291 praa-

531 1322 653 1386 stitcrit
699 1323 803 1406 Atque
833 1321 893 1385 hoc
923 1321 1050 1386 Pindari
1072 1321 1141 1386 loco
1173 1325 1324 1400 συγγόνων
1347 1325 1435 1390 κεδνὰ
1457 1327 1546 1406 χάριν

530 1446 577 1502 cst
607 1438 707 1504 dulcis
738 1447 770 1502 et
800 1439 850 1523 pis
880 1437 1029 1503 colondns
1059 1459 1144 1502 amor
1167 1440 1281 1517 nostri,
1306 1463 1397 1524 quom
1420 1462 1547 1506 consan-

528 1557 634 1640 guinei
657 1556 773 1620 mortui
794 1563 927 1619 sonant

577 1674 651 1736 106.
686 1671 795 1754 Ἰφίων.
831 1669 897 1751 Qui
919 1671 1034 1736 fnsdnt
1057 1671 1170 1758 Iphion
1195 1681 1226 1737 ct
1240 1671 1464 1752 Callimachus,
1480 1699 1542 1742 non

528 1797 613 1854 certo
646 1797 790 1874 apparet:
825 1788 857 1852 in
888 1787 1015 1853 scholiis
1046 1789 1125 1853 nihil
1156 1789 1342 1855 affirmatur:
1373 1793 1542 1858 secundnm

529 1905 680 1990 quosdam
711 1905 860 1992 dicuntur
881 1903 972 1970 ambo
994 1904 1091 1969 luisse
1113 1907 1350 1991 consanguinei,
1374 1909 1542 1974 secundum

529 2023 607 2088 alios
625 2022 740 2108 Iphion
751 2031 839 2108 palor
851 2021 1084 2100 Alcimedontis,
1098 2021 1306 2087 Callimachus
1318 2033 1457 2110 patruus.
1481 2025 1540 2090 Nc·

525 2163 586 2225 qno
605 2161 663 2225 ago
675 2139 845 2225 quidquam
857 2138 1060 2202 affirmavero:
1075 2139 1258 2204 verosimile
1272 2149 1373 2206 umen
1387 2143 1464 2206 mihi
1475 2165 1540 2208 assa

525 2257 665 2332 videtur,
696 2255 860 2340 Iphioncm
892 2254 1115 2319 Alcimedontis
1146 2263 1291 2339 patruum
1313 2257 1408 2321 fuisso
1431 2267 1462 2322 ct
1484 2281 1540 2324 nu·

524 2375 654 2459 perrime
683 2380 858 2436 mortuum:
890 2379 1010 2456 patrum
1043 2370 1285 2450 Callimachum,
1316 2379 1347 2438 ct
1378 2374 1537 2459 aliquanto

524 2499 615 2556 aotm
637 2490 767 2555 obiisse:
792 2497 829 2553 nt
852 2489 965 2572 Iphion
989 2489 1082 2552 etiam
1104 2497 1170 2552 tum
1195 2489 1319 2567 uixerit,
1343 2511 1440 2574 quum
1458 2491 1538 2556 Alci·

522 2609 634 2672 modon
660 2615 813 2672 certamen
836 2605 980 2689 parabat,
1003 2627 1088 2669 nunc
1111 2627 1200 2683 vcro,
1224 2608 1312 2691 qnasi
1335 2606 1470 2692 quodam
1492 2629 1537 2672 rc·

522 2726 658 2790 cautiora
681 2746 753 2789 cum
774 2723 866 2788 robus
887 2722 1058 2787 viventium
1074 2723 1272 2800 commercio,
1289 2723 1373 2808 prior
1387 2725 1534 2790 nuncium

522 2841 639 2906 audiat.
685 2839 775 2921 Quas
804 2841 831 2903 si
862 2840 906 2903 ita
927 2847 1020 2917 sunt,
1044 2847 1131 2903 tanto
1153 2839 1253 2925 majus
1276 2847 1358 2905 ccrtc
1381 2842 1461 2926 patri
1483 2863 1535 2927 pa·

520 2961 594 3038 tris,
625 2959 749 3025 dnobus
779 2958 851 3022 filiis
881 2958 1019 3034 amissis,
1051 2979 1067 3021 c
1094 2958 1215 3042 nopotis
1237 2956 1366 3021 victoria
1388 2958 1531 3022 solatium

520 3078 648 3143 exstitit.
681 3075 798 3140 Similis
819 3082 924 3140 antcm
948 3075 1020 3138 huic
1043 3073 1112 3138 loco
1135 3081 1181 3138 cst
1204 3071 1255 3137 01
1285 3072 1363 3138 XIV
1388 3077 1442 3138 28.
1489 3075 1531 3140 Et

519 3196 604 3282 apud
636 3194 838 3279 Euripidem,
873 3191 1030 3256 Heraclid.
1066 3193 1151 3268 820,
1185 3189 1291 3256 Iolaus
1322 3191 1531 3276 Demophonti

516 3313 660 3392 affimat,
676 3311 836 3398 adjuvanti
849 3309 962 3375 liberos
975 3308 1136 3384 Herculis,
1149 3331 1181 3373 sc
1192 3315 1350 3373 mortuum
1361 3309 1528 3395 aliqnando

519 3431 636 3496 Thcseo
658 3437 855 3495 narraturum
878 3449 914 3491 ca
929 3427 1047 3503 omnia,
1065 3433 1097 3491 ct
1112 3425 1350 3504 affirmaturum,
1362 3427 1453 3492 illum
1464 3427 1530 3512 dig-

518 3570 596 3613 nnm
618 3569 684 3612 csse
706 3553 793 3632 patro
817 3567 884 3609 suo.
898 3545 925 3626 1)

566 3667 639 3730 107.
674 3663 856 3742 Ἀγγελίας.
891 3660 961 3725 Hoc
992 3683 1055 3724 uno
1086 3660 1170 3738 loco,
1202 3666 1356 3744 qnantum
1378 3661 1460 3740 scio,
1484 3671 1531 3726 ast

518 3783 604 3847 Deus
629 3783 737 3847 instar.
776 3778 910 3843 Videtur
932 3801 969 3843 ea
991 3778 1139 3841 nuncium
1162 3777 1240 3841 ferro
1263 3776 1295 3841 in
1318 3777 1450 3856 inferos,
1474 3779 1533 3842 lor·

519 3909 601 3965 tasas
631 3897 746 3963 idcirco
776 3897 922 3960 Mercurii
953 3895 1016 3958 lilia
1046 3893 1144 3959 dicta:
1176 3901 1280 3958 tamen
1310 3893 1415 3958 νοάεω
1441 3893 1532 3960 modo

519 4017 606 4082 Echo
636 4016 670 4111 id
700 4014 797 4078 faccrc
827 4013 942 4077 dicitur
973 4010 1024 4075 Ol.
1056 4009 1145 4075 XIV.
1192 4009 1331 4095 Hcynins
1360 4011 1532 4088 existimat,

520 4135 683 4223 Iphionom
717 4141 875 4199 mortuum
905 4155 971 4196 csso
1001 4153 1038 4196 co
1068 4139 1222 4216 tempore,
1251 4127 1334 4213 quod
1365 4129 1424 4192 fuit
1454 4129 1534 4193 inter

513 4299 696 4314 ψ

558 4405 584 4469 l)
608 4404 748 4469 Siquidem
764 4403 800 4452 ibi
818 4399 946 4466 legandum
962 4403 1153 4452 cathoba-
