3725 5542
816 726 855 783 553

334 925 438 1002 fertur,
459 927 627 1011 proiectum
648 948 665 988 a
686 934 725 988 ts.
763 923 936 987 Multorum
955 931 1055 985 rector
1073 946 1121 985 as:
1140 920 1230 985 multi
1247 928 1341 983 testes

334 1043 474 1125 utrisque,
490 1052 572 1109 recto
588 1044 650 1106 tuis
666 1041 805 1125 maleque
818 1042 916 1106 lactis.
942 1040 1068 1104 Decoris
1081 1041 1113 1103 in
1125 1038 1262 1103 consiliis
1274 1061 1341 1123 pcr-

333 1181 451 1223 manens
475 1160 500 1223 si
524 1160 611 1245 cupis
636 1159 757 1224 dulcem
778 1180 898 1243 semper
917 1160 1029 1223 famam
1049 1157 1171 1235 audire,
1196 1179 1233 1220 ne
1254 1156 1345 1219 nimis

331 1278 458 1359 graveris
475 1277 643 1341 sumtibus:
661 1278 766 1341 emitte
781 1276 996 1361 gubernatoris
1008 1276 1106 1339 instar
1118 1275 1219 1339 velum
1232 1274 1343 1337 ventis.

332 1392 377 1457 Ne
398 1395 541 1479 capiaris,
566 1416 583 1457 o
608 1395 704 1458 amice
711 1442 719 1473 ,
745 1394 886 1458 facilibus
905 1394 1014 1471 lucris,
1036 1400 1158 1477 postera
1177 1393 1259 1456 fama
1277 1390 1342 1454 sola

331 1520 517 1576 mortuorum
540 1512 672 1577 virorum
698 1513 790 1576 vitam
815 1512 931 1577 iudicat
951 1520 982 1575 et
1001 1509 1200 1596 scriptoribus
1221 1517 1252 1572 et
1272 1532 1343 1593 poe·

330 1628 376 1691 tis.
413 1628 488 1693 Non
512 1630 617 1694 interit
640 1630 745 1693 Croesi
769 1630 903 1694 liberulis
929 1630 1042 1705 virtus,
1068 1628 1119 1691 sed
1142 1636 1340 1692 crematorem

330 1765 417 1808 aeneo
450 1756 557 1823 tauro,
586 1746 741 1811 crudelem
769 1756 870 1811 mente
899 1745 1073 1824 Phalarim,
1102 1746 1213 1809 intesta
1241 1744 1340 1810 ubivis

328 1860 403 1926 fama
426 1862 534 1941 babet,
559 1886 659 1949 neque
682 1886 753 1928 eum
777 1864 911 1929 citharae
930 1864 1075 1928 dulcibus
1096 1863 1253 1947 excipiunt
1273 1884 1342 1925 cau·

328 1978 415 2043 tibus.
457 1980 541 2045 Bene
564 2004 652 2066 agere
676 1981 808 2065 primum
833 1982 1035 2065 praemiorum
1055 1989 1113 2045 cst:
1136 1981 1213 2045 bene
1233 1980 1340 2043 andire

328 2117 388 2159 sors
417 2096 571 2161 secunda:
600 2106 767 2181 utrumque
794 2100 847 2181 qui
872 2106 1068 2175 metasset,
1093 2120 1268 2183 supremam
1291 2120 1339 2161 co·

328 2234 430 2278 ronam
455 2214 604 2299 accepit.''
620 2216 642 2298 Ι)

369 2330 417 2394 Sic
437 2331 564 2415 quidem
582 2332 829 2417 potentissimum
850 2356 953 2417 regem
973 2332 1168 2409 adhortatur,
1189 2344 1220 2395 et
1235 2343 1339 2395 monet

328 2448 484 2533 exemplis,
506 2457 542 2513 nt
558 2450 745 2535 posteritatis
762 2450 852 2514 etiam
866 2450 1019 2535 judicium
1035 2450 1074 2514 ob
1090 2450 1196 2515 oculos
1212 2449 1337 2526 habeat,

327 2562 457 2649 velitque
488 2564 671 2630 liberalitate
699 2576 729 2630 et
749 2566 873 2651 justitia
896 2588 1073 2630 mansuram
1096 2564 1225 2651 gloriam
1249 2587 1339 2648 quae·

326 2703 395 2747 rere.
437 2686 542 2766 Atque
573 2682 704 2747 eundem
736 2683 874 2748 laudavit
906 2692 1030 2769 propter
1062 2684 1206 2747 virtutem
1235 2682 1337 2761 illam,

326 2820 399 2883 quae
427 2800 507 2864 solet
533 2823 598 2865 esse
625 2801 749 2885 regibus
774 2800 972 2879 difficillima,
997 2800 1180 2884 videturque
1204 2800 1338 2865 stultitia

325 2916 376 2993 iis,
403 2917 459 3001 qui
486 2940 543 2981 sua
565 2940 660 3002 regna
683 2919 776 2982 saluti
801 2918 988 3003 populorum
1011 2926 1218 3004 anteponunt,
1243 2918 1339 3001 siqui·

325 3032 407 3113 dem,
436 3044 473 3098 ut
500 3036 543 3100 ait
570 3034 753 3114 Sallustius,
781 3038 928 3121 „regibus
957 3036 1029 3101 boni
1057 3059 1150 3121 quam
1177 3036 1250 3100 mali
1273 3059 1338 3100 sus·

325 3156 470 3236 pectiores
497 3162 588 3231 suut,
617 3177 797 3239 semperque
825 3155 872 3219 his
896 3156 998 3220 aliena
1020 3156 1118 3219 virtus
1141 3154 1339 3219 formidolosa

325 3272 436 3355 est.''⁹)
482 3270 601 3337 Idcirco
634 3273 819 3357 praeclaram
850 3274 1043 3339 commendat
1075 3282 1166 3359 poeta
1192 3274 1337 3337 Hieronis

324 3387 461 3467 laudem,
490 3390 648 3475 appellans
676 3413 746 3457 eum
776 3393 878 3456 mitem
904 3392 1039 3470 civibus,
1063 3415 1126 3457 non
1148 3392 1337 3456 invidentem

324 3504 426 3584 honis,
450 3506 686 3593 hospitibusque
710 3518 825 3595 patrem
850 3510 1029 3576 mirabilem.
1043 3512 1067 3596 8)

365 3623 466 3705 Quam
487 3646 558 3689 vero
575 3626 705 3691 voluerit
721 3649 826 3691 verum
843 3650 861 3691 a
876 3627 952 3691 falso
968 3628 1134 3713 distingui,
1152 3650 1335 3713 morumque

323 3748 351 3802 et
373 3743 521 3806 orationis
545 3744 774 3829 simplicitatem
798 3754 923 3809 secutus
946 3746 1001 3823 sit,
1022 3768 1169 3830 respuens
1189 3745 1339 3811 adulatio

323 3880 405 3937 uem,
430 3860 615 3945 intelligitur
639 3884 655 3925 e
679 3863 811 3926 carmine
835 3863 948 3948 Pythio
972 3863 1123 3941 secundo,
1144 3865 1182 3928 ad
1203 3866 1335 3930 eundem

322 3973 486 4041 Hieronem
522 3979 646 4063 scripto.
693 3979 849 4044 Admonet
880 4003 968 4058 eum,
1001 3988 1036 4044 ut
1069 3982 1134 4065 ipse
1165 3997 1265 4066 qualis
1297 3992 1338 4047 sit

323 4091 489 4178 intelligat,
514 4117 569 4159 uec
591 4104 749 4180 tamquam
774 4099 877 4183 pueris
901 4098 1072 4174 auscultet,
1099 4100 1260 4182 quicum,
1282 4102 1336 4184 qui

323 4209 379 4273 sibi
404 4210 499 4275 ludus
527 4214 584 4291 sit,
609 4216 748 4298 quamvis
772 4216 912 4293 simium,
937 4239 1057 4301 semper
1078 4216 1216 4280 laudent.
1262 4216 1335 4282 Non

325 4370 512 4387 -ιι-ῌ

357 4484 379 4542 n
397 4484 437 4549 ip,
460 4486 479 4533 r.
500 4484 557 4543 ras,
575 4502 635 4550 sqq.
738 4490 762 4547 a)
783 4488 843 4537 aen.
866 4490 917 4538 car.
937 4488 960 4540 τ.
1064 4489 1089 4550 a)
1110 4488 1148 4555 ry.
1168 4489 1223 4538 ιη.
1243 4490 1297 4538 12⁴.
