3725 5542
990 683 1054 743 368

513 883 647 948 luerunt.
694 882 734 947 Et
764 882 846 968 apud
878 881 1073 947 Athenaeum
1098 883 1131 947 in
1153 881 1214 947 alio
1236 905 1359 969 quoque
1381 885 1518 951 Telestae

513 1002 682 1087 fragmento
713 1003 780 1089 ipsa
808 1001 942 1086 Phrygia
968 1012 1000 1066 et
1021 1000 1120 1086 Lydia
1140 1003 1266 1067 uomina
1289 1005 1380 1069 etiam
1404 1007 1518 1070 arctius

512 1122 696 1208 copulantur
718 1123 750 1186 in
775 1121 868 1187 tibiae
891 1129 956 1185 arte
978 1122 1258 1201 commemoranda,
1283 1122 1360 1188 xlv
1383 1148 1414 1215 R.
1432 1127 1515 1190 61⁷:

595 1237 638 1309 Ἢ
661 1241 765 1321 Φρύγα
786 1240 970 1306 ammian
992 1242 1089 1306 οὐλῶν
1111 1242 1190 1321 ἱερῶν
1210 1242 1347 1319 βοονλῆοο

601 1359 692 1425 Λυδὸν
715 1358 744 1431 ὃς
768 1358 872 1439 ἥρμοσε
896 1365 1006 1438 πρῶτος

600 1479 720 1559 Δωρίδος
741 1478 903 1544 aarum
924 1479 1035 1557 μούσης
1057 1480 1219 1556 νομοοίολον
1242 1482 1330 1563 ὀμφᾷ

600 1598 766 1675 πνεύματος
787 1597 921 1675 εὔπτερον
944 1598 1036 1679 οὖρον
1056 1598 1252 1678 aunarium
1274 1597 1431 1675 καλάμοις.

512 1717 605 1781 Duris
620 1725 737 1794 autem,
757 1716 840 1802 apud
855 1715 970 1781 Athen.
986 1716 1023 1780 L.
1039 1716 1117 1780 XIV
1132 1740 1163 1801 p.
1181 1720 1261 1796 618,
1279 1718 1370 1782 tibias
1384 1717 1516 1803 Libycas

511 1858 529 1899 a
551 1836 649 1921 poetis
672 1834 817 1921 appellari
840 1835 931 1913 dicit,
956 1842 1080 1922 propter
1094 1838 1169 1901 artis
1185 1837 1252 1922 ejus
1267 1837 1456 1901 inventorem
1471 1836 1517 1900 Si-

510 1955 605 2032 riten,
628 1956 683 2041 qui
705 1955 813 2019 luisset
828 1978 864 2019 en
879 1954 986 2041 Libya.
1010 1958 1201 2041 Argumenta
1217 1955 1342 2041 quidem
1357 1956 1517 2033 dissimili,

511 2073 563 2137 sed
595 2074 712 2137 ratione
741 2073 913 2151 simillima,
938 2081 975 2137 nt
996 2095 1106 2138 nomeu
1129 2074 1244 2159 gentile
1266 2075 1433 2138 inventoria
1456 2075 1515 2160 ipsi

510 2193 553 2257 rei
576 2191 801 2277 adjungeretur.
835 2192 994 2277 Legautur
1015 2194 1106 2257 etiam
1130 2192 1225 2257 schol.
1250 2201 1310 2257 vat.
1334 2192 1427 2256 adh.
1452 2193 1474 2257 l.

555 2316 608 2378 44.
643 2312 754 2384 Λυδίοις
783 2314 884 2378 citius
913 2317 944 2378 ἐν
972 2314 1084 2385 αὐλοῖς.
1119 2311 1222 2377 Facile
1251 2312 1363 2389 credo,
1390 2312 1517 2377 Poetam

511 2430 602 2514 hujus
625 2430 767 2495 carminis
790 2432 957 2496 cantationi
973 2432 1110 2497 accinere
1125 2433 1216 2496 tibias
1232 2431 1373 2497 uoluisse.
1402 2430 1515 2496 Tamen

512 2548 585 2612 haec
609 2548 704 2614 dictio
718 2551 846 2633 ¹poetica
869 2558 932 2631 est,
956 2550 1041 2615 velut
1064 2549 1114 2615 Ol.
1138 2550 1156 2613 Ι
1178 2554 1232 2628 27,
1255 2548 1307 2614 Ol.
1330 2549 1365 2613 Π
1390 2552 1448 2629 85,
1464 2549 1514 2614 Ol.

515 2668 579 2731 VII
603 2671 663 2748 21,
687 2672 740 2734 23.

556 2789 607 2851 46.
644 2789 768 2863 αἰτήσων
798 2774 981 2865 latium,
1012 2787 1046 2854 οέ
1070 2813 1105 2854 τε
1125 2787 1233 2869 Φέρεον.
1262 2786 1424 2852 Orat-ionis
1446 2808 1517 2852 uun·

511 2909 639 2973 structio
668 2916 824 2973 mutatur:
847 2908 954 2973 Jouem
979 2916 1120 2993 precatur
1141 2907 1254 2985 Poeta,
1278 2915 1314 2971 ut
1336 2906 1444 2971 urbem
1465 2906 1516 2972 ‹le-

509 3034 609 3091 coret:
635 3026 673 3091 ab
695 3026 801 3092 eodem
823 3027 899 3092 Jove
923 3036 1082 3113 pretiatur,
1107 3036 1142 3091 ut
1161 3027 1302 3092 Pssumis
1318 3026 1400 3092 felici
1415 3049 1517 3091 senae·

509 3154 577 3212 tute
599 3146 728 3211 fruatur.

554 3268 607 3331 47.
641 3265 819 3347 εὖοονορίοοον.
854 3262 989 3328 Omnino
1020 3264 1149 3328 virtutes
1171 3264 1338 3349 significari
1361 3263 1514 3329 ridentur.

512 3384 602 3470 Apud
625 3384 732 3470 Ilurip.
756 3383 846 3448 Herc.
870 3383 930 3448 fur.
954 3386 1018 3448 407
1043 3382 1158 3448 dieitur
1176 3382 1344 3462 Hercules,
1361 3405 1458 3467 quum
1473 3383 1513 3446 ad

509 3503 665 3568 Atlantem
688 3503 835 3580 venisset,
859 3501 980 3566 coelum
995 3500 1193 3588 Deorumque
1207 3501 1314 3566 domos
1330 3502 1514 3567 sustinuisse

507 3623 651 3705 εὐανορίᾳ,
677 3621 757 3686 virili
779 3619 897 3685 robore.

552 3742 605 3804 48.
640 3740 673 3805 σε’
701 3766 734 3805 τε
763 3741 859 3823 Φέρενν
890 3748 986 3822 γῆρας
1017 3739 1147 3817 εὔθυμον.
1183 3739 1324 3824 Heynius
1353 3740 1398 3804 ita
1423 3740 1515 3804 inter·

508 3866 660 3945 pretatur:
695 3866 742 3937 te,
777 3881 797 3923 ο
827 3858 971 3937 Psaumi‚
1003 3866 1144 3923 senectus
1174 3858 1343 3942 tranquilla
1372 3858 1512 3923 deducat.

507 3976 567 4043 Sed
589 3978 691 4042 locum
714 3978 803 4042 aliter
826 3978 1023 4063 interpretor:
1046 3977 1167 4055 εὔνομον
1182 3975 1432 4062 conjungendum
1447 3999 1514 4041 asse

507 4119 577 4162 eum
599 4122 647 4175 σε,
671 4105 702 4161 et
724 4121 757 4161 οε
780 4118 844 4161 esse
866 4096 1055 4181 subjeetum:
1079 4097 1175 4178 Φέρεον
1198 4104 1299 4161 antem
1315 4094 1433 4160 ferendi
1448 4095 1515 4180 qui·

507 4216 594 4294 dem,
625 4215 679 4280 sed
709 4238 771 4281 nou
802 4215 957 4300 patiendi,
988 4238 1093 4279 verum
1119 4214 1303 4301 peragendi,
1326 4213 1514 4301 perducendi

507 4334 728 4420 significatione
757 4336 891 4420 positum
922 4357 1005 4400 esse:
1036 4355 1222 4420 quamquam
1247 4334 1359 4411 fateor,
1382 4334 1511 4398 alterum

507 4453 545 4518 ab
568 4453 663 4518 altero
686 4452 805 4517 differre
829 4474 947 4539 parum.
972 4452 1065 4538 Apud
1081 4453 1253 4529 Platonem,
1270 4452 1309 4517 de
1324 4451 1399 4537 Rep.
1415 4450 1509 4515 1329
