3725 5542
495 900 683 966 llmmenidis
713 922 784 964 vero
814 921 848 961 ac
877 898 1013 961 Theroni
1042 898 1236 981 Tyndaridae
1264 900 1393 983 gloriam
1422 899 1511 963 dede-

494 1027 582 1095 runt,
599 1019 673 1102 quia
688 1017 828 1103 plurimis
845 1017 958 1079 mensis
974 1038 1025 1079 eos
1041 1015 1168 1093 colunt,
1181 1018 1233 1101 pia
1243 1026 1346 1081 mente
1357 1026 1511 1081 servantes

494 1138 650 1201 beatorum
669 1136 810 1198 honores.
826 1134 848 1217 ι)
884 1132 1006 1211 Quibus
1027 1134 1174 1218 exemplis
1193 1134 1330 1198 Deorum
1348 1135 1511 1219 benignam

494 1253 620 1317 laudum
656 1252 893 1316 moderationem
931 1251 1129 1333 conjunctam
1162 1273 1227 1314 esse
1258 1252 1410 1316 cernimus
1441 1275 1510 1315 cum

495 1372 616 1455 pietatis
640 1370 822 1451 virtutisque
846 1366 950 1429 studio
973 1367 1005 1430 in
1029 1367 1209 1431 hominibus
1233 1370 1410 1453 conspicuo.

539 1487 649 1551 Voluit
680 1509 749 1550 vero
780 1508 899 1570 semper
929 1485 987 1549 hoc
1018 1484 1172 1548 Pindarus
1195 1487 1345 1570 intelligi,
1369 1510 1432 1551 non
1455 1509 1511 1551 nos

494 1614 599 1669 nostra
622 1626 741 1687 regere,
766 1604 820 1666 sed
843 1610 874 1665 et
897 1602 1084 1687 principium
1106 1624 1196 1666 omne
1215 1603 1357 1668 lortnnae
1376 1612 1407 1667 et
1426 1626 1510 1688 spem

495 1744 615 1785 omnem
644 1722 676 1784 in
711 1720 775 1783 Diis
802 1741 949 1805 reponere
974 1727 1124 1803 oportere.
1172 1718 1254 1783 Nam
1277 1720 1366 1784 facile
1389 1720 1510 1784 eosdem

495 1840 592 1915 Deos,
614 1838 668 1923 qui
688 1837 868 1901 mortalibus
888 1837 1002 1919 gaudia
1021 1836 1175 1913 tribuant,
1198 1859 1233 1901 ea
1253 1860 1342 1922 posse
1362 1838 1509 1923 frangere.

495 1956 567 2019 Non
591 1956 744 2041 propriam
767 1955 856 2019 nobis
880 1954 990 2019 dedere
1008 1954 1180 2031 fortunam,
1199 1954 1252 2017 sed
1273 1956 1370 2039 major
1387 1954 1510 2018 illorum

496 2076 632 2159 potentia
656 2084 711 2138 est.
753 2074 858 2151 „Deus
883 2073 1021 2157 quemvis
1037 2096 1054 2136 e
1071 2073 1230 2137 voluntate
1253 2096 1310 2136 sua
1332 2074 1423 2137 linem
1447 2097 1513 2158 per-

494 2194 571 2269 ficit,
590 2192 691 2269 Deus,
708 2193 762 2275 qui
779 2198 809 2255 et
824 2191 935 2255 alatam
953 2192 1089 2274 aquilam
1104 2191 1295 2274 assequitur,
1313 2197 1345 2254 et
1355 2191 1511 2255 marinum

494 2310 675 2395 delphinum
705 2311 866 2395 praeterit,
891 2318 922 2373 et
946 2309 1146 2393 superbomm
1174 2308 1308 2391 aliquem
1334 2308 1509 2372 mortalium

497 2429 596 2505 flexit,
627 2426 695 2491 aliis
728 2450 797 2490 vero
829 2428 957 2511 gloriam
989 2427 1193 2491 immortalem
1227 2426 1385 2491 tradidit.''
1400 2427 1425 2510 ¹)
1471 2427 1512 2490 Et

495 2546 556 2608 alio
580 2545 664 2608 loco:
690 2544 744 2622 „si
768 2545 837 2627 quis
859 2544 940 2607 bone
959 2543 1019 2608 sibi
1039 2545 1156 2629 paravit
1176 2546 1241 2608 sine
1261 2566 1372 2629 magno
1390 2544 1510 2621 labore,

496 2662 602 2725 multis
625 2662 842 2746 insipientibus
865 2661 988 2725 videtur
1012 2661 1135 2725 solertia
1158 2683 1215 2725 sua
1237 2684 1324 2725 suam
1348 2662 1442 2725 vitam
1465 2683 1512 2725 or·

496 2803 584 2844 nare:
618 2778 671 2843 scd
703 2780 761 2843 hoe
793 2802 854 2843 non
885 2780 916 2843 in
949 2780 1109 2843 hominnm
1141 2787 1293 2863 potestate
1315 2788 1380 2857 est,
1406 2802 1511 2843 verum

494 2899 579 2961 Deus
612 2898 723 2975 donet,
756 2897 830 2960 alias
862 2898 958 2961 alium
990 2898 1139 2974 evehens,
1172 2897 1268 2961 alium
1300 2920 1370 2960 vero
1403 2899 1435 2961 in
1459 2897 1512 2960 im-

495 3039 632 3081 mensum
658 3015 813 3100 dejiciens.
826 3014 851 3097 ⁸)

540 3134 578 3197 In
607 3132 782 3196 laudatione
812 3142 914 3196 autem
943 3132 1094 3196 donorum
1118 3142 1149 3197 et
1172 3134 1406 3210 beneficiorum,
1431 3155 1511 3215 quae

496 3252 548 3315 Dii
567 3251 728 3328 tribuunt,
749 3258 958 3314 memorantur
977 3249 1100 3328 Musae,
1112 3254 1139 3333 ⁴)
1156 3250 1275 3327 Horae,
1288 3253 1314 3334 Β)
1330 3250 1510 3334 Gratiae,⁸)

494 3379 526 3433 et
559 3392 611 3446 ea,
648 3391 726 3451 quae
758 3390 860 3432 rerum
889 3368 1093 3431 humanarum
1125 3368 1366 3432 vicissitudinem
1398 3368 1508 3444 habet,

494 3488 597 3573 Tycha
625 3488 688 3552 sive
719 3485 871 3549 Fortuna:
902 3488 953 3549 cni
981 3493 1088 3571 po'e'ta:
1117 3488 1169 3564 „A
1192 3496 1239 3564 te,
1263 3487 1350 3550 Jovis
1372 3487 1453 3563 filia,
1477 3487 1510 3550 in

494 3606 570 3670 meri
590 3612 740 3689 reguntur
754 3604 866 3668 celeres
883 3626 973 3668 naves
990 3604 1069 3668 etin
1085 3614 1166 3668 terra
1180 3604 1262 3668 bella
1276 3607 1509 3689 concionesque.

493 3724 636 3787 Virorum
669 3722 766 3786 multa
791 3744 912 3786 sursum
937 3722 1035 3786 multa
1058 3723 1201 3787 deorsum
1225 3724 1328 3787 inania
1351 3724 1510 3788 mendacia

492 3843 646 3927 capientes
677 3841 844 3905 volvuntur
872 3862 958 3924 spes:
988 3841 1042 3904 sed
1070 3842 1193 3925 signnm
1218 3864 1309 3906 nemo
1332 3842 1508 3907 mortalium

491 3966 608 4023 certum
631 3957 670 4022 de
693 3980 725 4021 re
748 3958 854 4022 lutura
876 3966 986 4021 nactus
1009 3982 1028 4022 a
1050 3959 1117 4023 Deo
1140 3968 1201 4022 est:
1226 3959 1264 4023 de
1288 3960 1402 4024 futuris
1429 3961 1510 4025 caeci

491 4099 644 4141 sermones
675 4084 759 4140 sunt.
806 4075 909 4140 Multa
940 4076 1117 4140 hominibus
1144 4084 1264 4161 praeter
1290 4078 1508 4161 cogitationem

526 4286 738 4351 1)01.111.1o.
954 4290 978 4349 a)
995 4291 1039 4354 ry.
1056 4292 1093 4340 11.
1111 4290 1151 4339 aa.
1228 4290 1255 4351 a)
1272 4291 1315 4355 rs.
1336 4290 1407 4341 1111.
1427 4289 1484 4338 ror.

523 4387 550 4445 1)
570 4384 607 4433 or.
626 4381 723 4440 1111,
742 4382 784 4447 ἡ.
803 4383 848 4432 11.
866 4386 890 4433 4.
951 4386 977 4444 s)
996 4385 1032 4433 or.
1051 4385 1124 4434 xr11.
1142 4384 1183 4433 aa.
1227 4384 1253 4445 c)
1277 4385 1378 4433 or.11.
1405 4384 1510 4441 anor

493 4481 535 4529 11.
552 4479 597 4537 ao,
619 4478 742 4529 or111.
759 4476 784 4528 r.
