3725 5542
984 695 1048 755 228

506 918 594 959 orum
619 916 745 959 munere
771 895 901 958 veniunt
924 895 963 957 ad
986 895 1126 960 homiues
1150 898 1302 976 carmina,
1326 900 1353 963 si
1372 901 1438 978 cui,
1459 924 1525 986 per·

428 1022 468 1081 20
505 1014 610 1078 ficiens
630 1014 716 1099 jassa
740 1010 883 1077 Herculis
908 1012 1050 1097 antiqua,
1075 1013 1239 1099 religiosus
1259 1014 1463 1082 Hellenodica
1479 1020 1524 1083 vir

504 1132 635 1197 Aetolus
667 1154 760 1217 super
783 1130 854 1195 cilia
877 1133 977 1195 crines
1000 1132 1205 1197 circumdedit
1227 1133 1318 1198 viridi
1341 1146 1523 1202 ornamento

506 1250 622 1315 olivae:
647 1272 740 1334 quam
765 1248 932 1333 aliquando
957 1249 995 1313 ab
1020 1249 1093 1314 Istri
1118 1251 1271 1316 umbrosis
1294 1252 1433 1318 fontibus
1449 1254 1523 1319 tulit

502 1368 837 1455 Amphitbrponiades,
867 1380 1102 1434 monumentum
1135 1368 1352 1457 Olympiorum
1382 1373 1523 1457 pulcher.

501 1492 612 1555 rimum
637 1490 858 1567 certaminum,
884 1489 1000 1575 populo
1024 1489 1257 1575 Hyperbeorum
1288 1491 1443 1577 Apollinis
1466 1494 1522 1557 mi·
1562 1548 1566 1555 .

421 1612 462 1671 30
500 1610 597 1673 nistro
621 1630 718 1692 quum
743 1607 954 1692 persuasisset.
1003 1606 1061 1672 Ille
1085 1608 1145 1671 lida
1168 1618 1270 1673 mente
1293 1611 1415 1695 rogavit
1432 1610 1519 1674 Jonis

499 1725 646 1812 hospitali
671 1726 742 1790 lano
766 1726 943 1792 umbrosam
965 1727 1104 1812 plantam
1127 1750 1322 1794 communem
1341 1728 1519 1795 bominibus

498 1867 704 1931 coronamque
729 1846 890 1909 virtutum.
929 1844 1000 1909 Jam
1023 1847 1105 1910 enim
1129 1846 1175 1926 ei,
1200 1848 1281 1931 patri
1305 1848 1429 1933 quidem
1446 1870 1518 1913 con-

497 1966 622 2029 secratis
654 1965 730 2041 aris,
765 1962 865 2027 medio
897 1986 1001 2027 mense
1033 1962 1124 2028 Luna
1155 1987 1249 2030 curru
1279 1988 1373 2031 aureo
1401 1969 1519 2052 vesperi

499 2081 656 2146 affulserat
680 2090 746 2145 toto
771 2080 880 2158 ocnlo,
906 2090 937 2145 et
956 2104 1139 2167 magnorum
1156 2084 1359 2149 certaminum
1376 2092 1517 2149 sanctum

495 2201 651 2286 judicium
684 2200 838 2286 simulque
868 2200 983 2266 festum
1014 2201 1246 2287 quinquennale
1277 2202 1456 2267 instituerat
1479 2203 1517 2267 ad

419 2324 459 2383 40
497 2319 616 2384 divinas
645 2320 728 2405 ripas
757 2318 887 2403 Alphei:
917 2342 1023 2384 verum
1046 2342 1110 2384 non
1132 2319 1256 2385 arbores
1279 2319 1425 2405 pulchras
1448 2342 1516 2406 pro

497 2438 614 2504 ferebat
637 2437 724 2503 locas
749 2438 779 2502 in
804 2437 937 2503 saltibus
960 2437 1097 2503 Saturnii
1121 2438 1255 2524 Pelopis.
1291 2436 1351 2502 His
1366 2438 1470 2503 nudus
1485 2440 1513 2502 ei

497 2556 659 2621 videbatur
683 2558 790 2621 hortus
814 2556 937 2621 acribus
960 2556 1119 2642 subjectus
1143 2580 1208 2621 esse
1232 2557 1403 2622 luminibus
1426 2558 1510 2622 solis.

494 2676 572 2741 Tum
597 2698 670 2761 ergo
700 2699 769 2740 enm
799 2676 920 2740 animus
944 2676 1070 2761 impulit
1092 2685 1129 2739 ut
1152 2677 1184 2741 in
1209 2685 1321 2741 terram
1343 2678 1512 2761 proficisce-

495 2802 594 2873 retur,
620 2794 674 2861 ubi
698 2794 835 2860 Latonae
859 2794 952 2859 Istria
979 2794 1132 2879 equestria
1155 2795 1220 2858 filia
1242 2817 1313 2859 enm
1336 2804 1511 2883 exceperat,

493 2914 666 2980 venientem
701 2914 739 2979 ab
776 2914 926 2979 Arcadiae
954 2915 1040 3001 jugis
1070 2924 1102 2979 et
1132 2914 1291 2998 angulosis
1320 2914 1508 2991 recessibus,

417 3035 457 3093 50
493 3054 589 3115 quum
621 3054 691 3097 eum
719 3033 815 3119 jussis
847 3031 1015 3118 Eurysthei
1049 3032 1196 3097 excitaret
1226 3032 1392 3096 necessitas
1424 3039 1510 3117 patre

493 3160 635 3227 auctore,
659 3158 695 3214 ut
719 3172 837 3215 cervam
863 3150 1006 3215 feminam
1033 3149 1180 3215 cornibus
1203 3149 1305 3215 aureis
1328 3148 1509 3226 abduceret,

493 3290 585 3352 quam
609 3268 776 3354 aliquando
800 3268 937 3355 Taygeta
960 3268 1105 3333 dedicans
1130 3267 1295 3332 Orthosiae
1315 3267 1509 3333 inscribendo

492 3387 692 3453 consecravit.
741 3386 831 3452 Hanc
854 3408 1041 3473 persequens
1064 3387 1156 3451 ctiam
1181 3386 1266 3450 illam
1290 3386 1447 3473 regionem
1467 3386 1508 3448 vi·

492 3506 539 3571 dit
571 3527 651 3591 pone
681 3507 789 3571 flatum
822 3506 931 3571 boreae
960 3504 1075 3591 frigidi.
1122 3504 1171 3570 Ibi
1195 3504 1319 3570 arbores
1341 3503 1509 3568 admiratus

492 3632 537 3689 est
559 3626 743 3691 consistens.
791 3624 910 3689 Harum
940 3647 1011 3690 eum
1038 3624 1139 3689 dulcis
1161 3623 1317 3709 cupiditas
1339 3621 1450 3687 babuit
1472 3632 1510 3686 ut

492 3767 542 3808 eas
573 3746 688 3809 circum
719 3752 831 3809 metam
855 3743 1004 3809 curriculi
1027 3743 1181 3809 duodenis
1204 3765 1355 3829 equorum
1379 3741 1508 3807 flexibus

414 3866 453 3925 tl
491 3864 647 3931 ambiendi
672 3864 834 3950 plantaret.
872 3863 911 3928 llt
936 3886 1019 3929 nunc
1038 3863 1076 3929 ad
1094 3864 1153 3928 boc
1169 3863 1282 3928 fertum
1298 3862 1405 3928 hilaris
1425 3862 1508 3927 venit

491 4006 562 4048 cum
593 3983 744 4049 formosae
771 3982 873 4048 Ledae
901 3982 1033 4068 geminis
1056 3982 1147 4061 filiis,
1171 3982 1300 4047 deornm
1324 3982 1356 4046 in
1379 4003 1508 4046 numero

491 4100 613 4165 habitis.
661 4100 731 4167 Illis
767 4102 849 4167 enim
880 4101 1020 4188 permisit
1050 4102 1082 4166 in
1114 4100 1281 4188 Olympum
1314 4100 1509 4187 proficiscens

489 4220 655 4307 spectabile
683 4230 836 4286 certamen
866 4218 1036 4306 regendum
1067 4219 1105 4285 de
1135 4221 1251 4285 virtute
1275 4220 1409 4283 virorum
1432 4216 1509 4283 cele·

489 4362 619 4425 rumque
645 4340 837 4424 aurigatione
861 4361 1019 4403 aunuum.
1056 4339 1108 4403 Me
1131 4360 1203 4403 raro
1217 4338 1341 4402 animus
1356 4334 1504 4422 impellit,

412 4460 452 4523 70
489 4466 525 4522 ut
549 4456 740 4522 Emmenidis
763 4456 960 4541 Theronique
983 4458 1084 4522 dicam
1107 4458 1225 4521 vertisse
1240 4455 1383 4542 gloriam,
1399 4477 1505 4539 eques·
