3725 5542
970 706 1035 764 tet

498 899 701 985 telligendum
727 910 757 967 et
779 911 860 967 recte
882 902 1106 967 aestimandum
1130 904 1273 968 eximium
1297 925 1417 968 carmen
1441 904 1502 968 hoc

499 1017 640 1097 Pindari,
673 1021 755 1105 quod
779 1023 864 1106 quasi
888 1022 1042 1109 quandem
1064 1022 1199 1087 Graecae
1223 1024 1346 1109 pietatis
1368 1022 1501 1109 speciem

500 1141 623 1206 exhibet
650 1147 811 1225 totumque
842 1142 1019 1227 religionem
1047 1145 1159 1228 spirat,
1184 1142 1355 1207 invocando
1378 1154 1409 1206 et
1431 1141 1503 1206 ado·

499 1260 595 1325 rando
617 1261 754 1325 numina

545 1380 665 1444 Etenim
688 1380 780 1444 ctiam
803 1402 836 1442 rs
861 1382 901 1444 27
927 1380 971 1443 ita
993 1379 1139 1465 Hipparis
1162 1380 1274 1471 liumus
1297 1368 1500 1455 membratur,

495 1506 530 1564 ut
553 1521 588 1563 eo
611 1498 734 1563 nomine
757 1499 843 1563 Deus
866 1499 997 1562 fluvialis
1020 1499 1227 1583 significetur,
1251 1500 1342 1583 cujus
1365 1499 1422 1563 rivi
1438 1498 1501 1561 sint

492 1622 606 1695 σεμνοὶ,
629 1618 753 1703 augusti
777 1626 807 1681 ct
831 1618 1032 1682 venerabiles:
1056 1619 1108 1683 cui
1131 1618 1263 1682 maxime
1284 1617 1437 1681 debentur
1451 1617 1501 1683 be·

492 1737 617 1813 neficia,
650 1737 797 1802 domuum
820 1735 1010 1813 aedificatio,
1034 1744 1065 1799 et
1086 1758 1158 1800 vero
1180 1735 1290 1800 salutis
1313 1758 1330 1801 c
1352 1736 1499 1820 gravibus

492 1855 725 1921 difficultatibus
756 1856 818 1920 lux.
868 1856 970 1939 Atque
996 1858 1061 1939 jam
1091 1856 1200 1933 modo,
1225 1877 1322 1940 quum
1344 1856 1382 1920 de
1406 1854 1500 1942 Nym·
1540 1876 1548 1899 ·

493 1975 562 2059 phis
593 1986 655 2039 erat
686 1974 855 2059 disputatio
877 1984 1000 2053 nostra,
1023 1973 1149 2039 Fluvios
1173 1995 1295 2059 quoque
1318 1975 1496 2059 attigimus:

493 2116 649 2180 quumque
680 2104 802 2179 propter
831 2092 1018 2157 Graecorum
1048 2094 1152 2178 poesin
1183 2102 1213 2157 et
1244 2094 1407 2178 pietatem,
1434 2116 1498 2158 om·

493 2215 543 2278 nia
572 2214 610 2276 ad
642 2214 722 2277 Deos
752 2213 963 2289 referentium,
987 2213 1096 2297 quovis
1122 2212 1190 2275 loco
1216 2211 1340 2277 Numen
1368 2212 1494 2298 aliquod

492 2332 597 2397 adesse
627 2332 733 2397 tuendi
764 2340 795 2396 ot
817 2330 982 2417 adjuvandi
1005 2352 1112 2396 caussa
1135 2333 1327 2416 putantium,
1352 2332 1496 2417 copiosis·

491 2454 569 2517 sima
599 2452 673 2525 haec
703 2452 743 2514 sit
771 2450 944 2535 explicandi
970 2451 1114 2527 materia,
1137 2458 1237 2514 tamen
1261 2450 1388 2515 modom
1411 2450 1498 2516 adhi-

492 2572 649 2648 hebimus,
678 2592 790 2656 pauca,
815 2592 893 2655 quae
917 2570 978 2633 hnc
1001 2571 1190 2655 pertineant,
1213 2576 1495 2635 commemorantes.

535 2690 657 2755 Etenim
688 2698 791 2753 narrat
813 2675 972 2753 'Pindarus
1003 2687 1054 2753 Ol.
1087 2688 1118 2751 X
1149 2690 1190 2751 58
1221 2688 1255 2751 in
1282 2687 1498 2752 constituendo

491 2831 608 2873 summo
630 2808 716 2872 Jovis
739 2807 817 2872 festo
837 2806 1000 2872 Herculem
1017 2806 1171 2892 Alpheum
1188 2808 1315 2872 fluvium
1331 2806 1496 2872 honorasse

491 2928 522 2990 in
553 2950 678 2992 numero
709 2926 869 2990 duodecim
902 2924 1038 2989 Deorum
1070 2926 1260 3012 principum:
1283 2933 1315 2991 et
1338 2950 1416 3012 quae
1439 2927 1498 2992 hoc

489 3046 556 3131 ipso
579 3046 727 3127 carmine,
753 3046 785 3110 in
809 3066 870 3131 quo
894 3066 976 3109 nunc
991 3066 1164 3124 vereamur,
1180 3066 1214 3107 rs
1232 3048 1273 3109 lo
1289 3053 1498 3111 memorentur

489 3188 541 3229 ser
568 3165 705 3249 geminae
729 3184 814 3240 arae,
838 3186 943 3228 carum
965 3164 1075 3249 quinta
1097 3162 1157 3227 tuit
1178 3162 1295 3228 Dianae
1319 3170 1351 3229 et
1373 3164 1495 3250 Alphei.

489 3284 538 3348 Sic
569 3283 614 3348 illi
645 3283 753 3348 llluvio
784 3282 908 3347 habitus
938 3290 985 3347 est
1006 3282 1105 3347 honos
1129 3294 1304 3367 perpetuus.
1349 3282 1390 3347 ut
1412 3282 1495 3369 apud

489 3402 673 3479 Homerum,
706 3402 743 3466 Il.
776 3400 823 3466 XI
858 3403 940 3479 ⁷28,
964 3400 1078 3466 Nestor
1100 3409 1222 3480 narrat,
1245 3402 1399 3487 quomodo
1421 3402 1492 3468 olim

487 3542 558 3585 cum
590 3520 684 3606 Pyliis
714 3522 845 3587 venisset
875 3521 912 3586 ad
944 3492 1083 3585 sanctium
1114 3521 1241 3586 durium
1265 3522 1438 3608 Alpheum,
1463 3531 1494 3585 et

489 3640 637 3725 proelium
668 3640 778 3704 facturi
809 3660 892 3705 sacra
922 3640 1065 3705 fecissent
1095 3662 1238 3725 supremo
1263 3640 1350 3719 Jori,
1373 3641 1493 3727 ipsique

488 3756 607 3842 Alpheo
630 3766 661 3821 et
685 3756 831 3843 Neptuno
850 3766 943 3843 atque
958 3756 1122 3822 Minervae.
1158 3761 1262 3844 Atque
1276 3734 1351 3823 haec
1366 3759 1491 3844 quidem

487 3876 525 3939 ad
557 3876 702 3941 honorem
733 3875 910 3941 Fluviorum
935 3876 1099 3962 pertinent
1144 3874 1204 3941 Sed
1228 3885 1382 3961 praeterea
1404 3878 1493 3943 intel·

486 3993 629 4079 ligimus,
653 3994 723 4059 illos
745 4016 807 4060 non
831 3996 996 4060 honoratos
1018 4002 1158 4072 tantum,
1179 3998 1390 4061 verumetiam
1406 4019 1492 4063 caros

486 4111 675 4199 dilectosque
698 4112 885 4178 Graecorum
908 4113 1018 4177 animis
1033 4112 1146 4190 fuisse,
1162 4120 1272 4177 ettam
1287 4135 1372 4198 spem
1389 4136 1490 4180 rerum

485 4230 633 4295 honorum
655 4230 688 4294 in
712 4230 750 4295 iis
766 4231 894 4317 positam
911 4247 1002 4315 qnam
1022 4230 1152 4315 gretiam
1166 4229 1275 4295 iisdem
1290 4231 1340 4316 pie
1354 4231 1489 4297 habitam

486 4347 640 4412 felicitatis
669 4348 829 4435 ipsiusque
858 4349 948 4413 vitae.
993 4348 1101 4413 Jamus
1123 4350 1155 4412 in
1179 4348 1331 4434 Alpheum
1354 4350 1488 4415 medium

486 4465 644 4569 descendit
651 4516 660 4548 ,
688 4476 725 4531 ut
747 4466 789 4531 ihi
814 4467 852 4533 ah
876 4490 931 4532 avo
955 4465 1102 4553 Neptuno
1126 4476 1155 4530 et
1179 4475 1263 4552 patre
1286 4468 1430 4554 Apolline
1449 4470 1490 4533 ie·
