3725 5542
808 706 874 768 449

421 901 453 968 oi
467 903 497 968 τ’
519 902 590 985 ἕχον
615 902 740 980 Αἴγιναν
761 901 899 979 Μοίοντοὶ
920 928 955 969 τε
978 909 1068 983 κοῦροι
1092 902 1238 984 Ἀχαιῶν·

332 1020 433 1084 tribus
466 1027 622 1105 praeterea
654 1020 747 1098 locis,
784 1041 833 1084 rsa
869 1023 954 1098 580,
988 1023 1070 1098 702,
1104 1022 1189 1099 722,
1221 1027 1348 1085 cunctos

333 1137 466 1201 Graecos
496 1137 648 1222 significat
680 1136 874 1201 Achaeorum
906 1137 1046 1202 nomine:
1078 1137 1132 1201 sed
1155 1137 1276 1201 duobus
1302 1136 1349 1201 his

333 1255 426 1332 locis,
450 1275 528 1338 quos
551 1255 700 1340 apposni,
722 1276 835 1319 nomen
857 1254 890 1319 id
914 1256 1012 1340 magis
1028 1255 1187 1340 proprium
1203 1255 1349 1340 gentihus

335 1380 366 1436 et
395 1372 515 1456 insigne
546 1370 669 1437 tribuit.
716 1370 797 1436 Sunt
827 1380 932 1436 autem
959 1372 992 1436 in
1015 1372 1063 1436 his
1087 1380 1119 1437 et
1141 1371 1351 1457 Myrmidones

336 1495 366 1552 et
393 1489 570 1572 Aeginetae.
618 1490 723 1574 Atque
745 1489 802 1554 hos
824 1490 924 1575 ipsos,
949 1488 1073 1554 sedibus
1096 1489 1221 1573 quidem
1243 1498 1349 1575 postea

335 1604 483 1684 diversos,
508 1607 627 1692 origine
642 1628 713 1671 vero
730 1615 761 1672 et
776 1613 868 1692 gente
884 1606 1007 1672 eosdem
1023 1607 1117 1672 luisse
1133 1607 1348 1692 cognovimns,

334 1722 426 1786 Peleo
450 1745 487 1787 ex
510 1724 630 1808 Aegina
651 1725 683 1788 in
707 1724 853 1789 Phthiam
873 1746 1004 1809 egresso.
1040 1723 1080 1788 Et
1097 1724 1225 1790 eandem
1241 1723 1351 1789 Phthi-

335 1838 468 1919 otidem,
501 1840 731 1925 Myrmidonum
758 1841 879 1920 sedem,
903 1840 1082 1906 Herodotus
1106 1841 1348 1927 antiquissimam

335 1957 437 2022 sedem
469 1957 564 2022 fuisse
595 1968 744 2023 memoret
771 1960 839 2044 ejus
861 1959 982 2044 gentis,
1007 1980 1086 2042 quae
1109 1970 1215 2044 postes
1238 1959 1351 2024 Dorica

335 2074 419 2139 dicta
449 2083 505 2139 est.
550 2072 697 2160 Legimus
729 2076 821 2141 etiam
853 2077 935 2161 apud
968 2075 1146 2156 Platonem,
1179 2077 1226 2141 De
1254 2075 1349 2162 Legg.

335 2191 389 2256 III
421 2193 485 2254 682
517 2213 551 2256 e:
583 2193 699 2258 Achaei
728 2192 853 2278 Trojam
884 2201 1121 2280 oppugnarunt,
1154 2201 1218 2259 tum
1252 2193 1352 2262 multe

337 2317 455 2372 mutata
485 2316 577 2387 sunt,
608 2317 639 2375 et
670 2317 780 2395 postea
809 2331 917 2374 rursus
949 2313 1093 2385 κατῆλθον
1124 2309 1351 2389 μεταβαλόντες

334 2425 440 2504 ὄνομα,
474 2435 592 2507 Δωριεῖς
621 2427 688 2492 arr
719 2430 852 2507 Ἀχαιῶν
882 2429 1043 2503 κληθέντες.
1092 2426 1252 2494 Commisit
1279 2451 1351 2515 ergo

338 2542 508 2622 Pindarus,
540 2545 566 2609 si
594 2543 686 2622 velie,
711 2543 997 2622 anachronismum,
1022 2547 1159 2610 Aeacum
1183 2545 1350 2631 Myrmido—

334 2683 406 2725 nem
428 2661 477 2726 vel
500 2661 659 2728 Achaeum
682 2663 721 2726 ad
737 2661 900 2726 Dorienses
916 2662 1089 2742 referendo,
1106 2664 1159 2728 sed
1177 2686 1239 2729 non
1255 2664 1349 2729 alium

334 2801 369 2842 ac
384 2800 440 2844 nos
456 2779 692 2857 committimus,
710 2779 880 2844 Pindarum
895 2788 1018 2865 poetam
1032 2779 1185 2846 Graecum
1197 2782 1351 2860 vocando,

334 2896 361 2960 si
388 2896 514 2980 quidem
537 2897 676 2981 gentium
699 2897 825 2963 nomina
849 2898 964 2981 pariter
986 2919 1038 2975 no,
1064 2898 1232 2964 secundnm
1255 2897 1352 2963 Hora·

333 3014 429 3093 tium,
454 3013 547 3079 verba
570 3013 674 3078 valent
696 3036 764 3078 usn.
812 3012 902 3078 Certe
925 3013 1014 3078 illum

456 3130 623 3212 πρόφαντον
645 3131 737 3213 σοφία
759 3131 823 3195 καθ’
843 3128 999 3204 Ἕλλανας
1022 3131 1108 3197 ἐόντα
1131 3135 1233 3196 ποντα

334 3249 481 3314 miratum
511 3269 694 3333 magnopere
725 3247 820 3312 luisse
851 3247 997 3313 credibile
1028 3255 1091 3325 est,
1124 3249 1152 3312 si
1181 3249 1251 3334 quis
1282 3271 1351 3314 eum

335 3365 519 3452 appellasset
540 3365 707 3447 πρόφαντον
730 3367 820 3448 σοφίᾳ
842 3366 924 3431 ma
948 3367 1083 3445 Γραικοὺς
1099 3364 1194 3432 ἐόντα.
1218 3364 1334 3430 Verum
1341 3414 1352 3444 ,

336 3504 432 3567 quum
463 3481 627 3546 Dorienses
658 3490 689 3546 et
719 3480 859 3546 Achaeos
882 3481 989 3565 attigi,
1014 3482 1177 3566 praeterire
1198 3503 1262 3546 non
1285 3504 1352 3566 pos·

335 3622 421 3678 aum,
459 3599 498 3664 de
532 3599 672 3683 gentium
702 3621 806 3663 earnm
834 3597 1011 3662 discrimine
1037 3599 1102 3683 jam
1132 3598 1351 3665 dissensionem

335 3717 430 3781 fuisse
470 3715 569 3780 rideri
598 3716 679 3780 inter
709 3715 899 3780 sacerdotem
930 3715 1066 3780 Atticam
1096 3721 1128 3779 et
1158 3715 1352 3781 Cleomenem

335 3855 438 3919 regem
461 3831 757 3898 Lacedaemonium:
779 3831 896 3898 Herod.
920 3832 951 3895 V
976 3835 1027 3899 72.

382 3953 436 4016 43.
470 3950 635 4016 καλέσαντο
658 3951 804 4031 συνεργόν.
838 3949 904 4034 Ipsi
927 3972 990 4014 non
1006 3956 1148 4035 poterant
1164 3949 1353 4036 lacereopns

337 4069 399 4133 nisi
427 4066 616 4132 immortale:
648 4068 769 4132 moenia
800 4089 871 4131 vero
893 4066 1002 4152 Trojse
1025 4087 1122 4151 quum
1143 4066 1243 4152 perire
1265 4064 1355 4131 debe·

339 4192 424 4262 rent,
448 4184 587 4248 mortalia
605 4205 698 4268 opera
716 4184 755 4248 iis
766 4182 878 4248 addere
888 4181 1019 4248 debehat
1031 4183 1238 4268 fragilitatem.
1263 4181 1353 4247 Coni.

340 4303 389 4367 De
410 4301 537 4367 Pindari
559 4299 733 4386 Sapientia,
758 4324 788 4386 p.
815 4301 866 4365 18.

387 4422 441 4486 47.
474 4418 594 4500 λαβρον.
629 4418 756 4503 Proprie
786 4439 851 4483 esse
882 4417 1004 4483 videtur
1034 4417 1225 4504 prehendens
1255 4417 1354 4484 multa

1192 4539 1228 4594 29
