3725 5542
857 651 920 714 att

384 873 511 935 poenam
548 852 606 915 hoa
638 850 830 935 pertinuisse.
878 849 1100 915 Verumtamen
1132 851 1182 914 vix
1212 875 1231 914 a
1261 852 1399 936 genitivo

384 968 504 1032 differre
529 968 651 1033 videtur
674 975 704 1031 et
727 944 798 1032 eum
821 968 878 1033 υἱόν
902 968 1136 1053 conjungendus
1160 991 1236 1033 esse.

431 1088 504 1150 108.
540 1086 632 1150 πόλιν
664 1080 751 1155 οιῦόις.
799 1084 948 1169 Persaepe
980 1084 1135 1149 Homerus
1169 1085 1260 1151 πόλιν
1295 1084 1398 1164 οιῦτιι,

384 1203 469 1268 velut
493 1203 531 1267 Il.
557 1202 673 1267 XXIII
697 1205 772 1267 229.

431 1324 504 1385 109.
539 1322 618 1401 πρὸς.
654 1320 760 1384 Potest
783 1320 858 1384 hseo
881 1321 1067 1406 praepositio
1087 1328 1209 1405 tempus
1225 1322 1397 1406 significare

383 1438 493 1516 videri,
519 1438 571 1502 sed
595 1446 697 1501 tamen
721 1460 756 1501 ea
778 1436 961 1521 significatio
984 1461 1047 1502 non
1071 1445 1117 1501 est
1140 1438 1280 1523 propria:
1306 1440 1400 1523 signi·

382 1558 453 1621 fioat
476 1555 626 1642 ejusmodi
648 1577 785 1634 eausam,
810 1578 888 1639 quae
911 1555 1036 1640 quidem
1055 1555 1174 1641 aliquid
1190 1579 1253 1621 nou
1269 1557 1396 1635 efficiat,

382 1675 435 1739 sed
458 1697 551 1760 quarn
574 1675 606 1738 id
630 1682 852 1759 consequatur:
877 1697 975 1759 quum
999 1676 1064 1760 ejus
1085 1683 1222 1740 mentum
1238 1676 1396 1761 obtegeret

381 1794 514 1879 lanugo,
550 1791 809 1877 quemadmodum
846 1792 910 1856 fieri
946 1815 1002 1877 par
1032 1806 1097 1857 erat
1127 1794 1256 1857 llorente
1287 1802 1396 1858 aetate.

382 1912 431 1975 Sic
455 1911 566 1975 Aesoh.
591 1910 693 1975 Prom.
722 1912 806 1973 1008

514 2031 582 2108 πρὸς
605 2030 661 2100 τοὶς
684 2029 834 2107 ποιροὺσοις
857 2029 992 2107 πνριονόις
1015 2030 1096 2110 όρόῶς
1118 2038 1247 2111 φρονεῖν,

381 2150 491 2233 Sapere
515 2150 559 2212 ite
580 2156 616 2212 ut
639 2148 671 2211 in
696 2146 908 2232 praesentibus
932 2146 1021 2211 decet
1044 2146 1281 2213 calamitatibus.

429 2269 501 2331 110.
538 2290 577 2329 νιν
599 2264 696 2343 με’λιιν
718 2265 824 2342 γένειον
847 2264 957 2345 ἔρεφον.
986 2265 1189 2330 aecusativus
1206 2266 1314 2343 γένειον
1330 2291 1396 2353 par·

381 2392 441 2448 tem
473 2383 642 2468 signifieat:
675 2382 824 2466 adjectivo
855 2382 952 2459 μέλον
983 2382 1110 2447 effeetus
1140 2384 1332 2469 exprimitur.
1357 2384 1398 2448 Of

379 2524 412 2564 vs
436 2504 489 2565 41.

426 2623 498 2684 lll.
531 2621 644 2696 ἑτοῖμον
662 2620 874 2701 ἀνεφρόντισεν.
897 2623 1031 2698 Ἑτοῑριιν
1046 2642 1110 2684 non
1126 2621 1307 2705 simpliciter
1323 2644 1392 2686 oum

378 2738 477 2817 νόμον
508 2738 705 2823 conjunctum
739 2745 802 2815 est,
835 2738 888 2802 sed
916 2760 986 2802 oum
1008 2737 1209 2820 ἀνεφρόντισεν
1236 2740 1391 2819 σχεθέμεν.

378 2856 449 2920 Non
474 2864 538 2920 eret
560 2856 640 2920 illud
663 2856 851 2919 connubium
877 2856 1014 2940 cupienti
1034 2864 1194 2941 peratum,
1216 2857 1268 2921 sed
1285 2867 1392 2922 eontra

377 2952 607 3038 difficillimum:
641 2996 744 3037 verum
775 2972 886 3059 Pelops
916 2973 1062 3057 cupiebat
1091 2972 1170 3037 illud
1198 2975 1257 3039 sibi
1281 2974 1392 3039 habere

379 3099 518 3175 paratum
541 3090 690 3153 vincendo
715 3088 882 3155 Oenomao.
929 3090 1122 3175 Exprimitur
1145 3114 1216 3175 ergo
1239 3113 1302 3156 non
1326 3102 1392 3157 tan-

376 3217 441 3271 tum
467 3207 533 3292 ejus
557 3208 692 3292 conjugii
716 3208 827 3293 cupido
851 3208 904 3272 sed
925 3208 1017 3272 etiam
1034 3208 1224 3273 fortitudinis
1240 3210 1389 3273 studium.

376 3326 594 3408 ’Λνεφρόντισεν
629 3326 666 3391 de
701 3348 775 3389 cura
809 3327 933 3411 prinum
969 3333 1112 3411 suscepta
1146 3327 1263 3391 dietum
1302 3336 1389 3412 puto.

376 3443 447 3508 Alio
470 3442 604 3528 quodam
627 3443 719 3507 modo
744 3443 827 3529 apud
851 3442 1042 3522 Lucienum,
1066 3444 1206 3511 Hermot.
1231 3446 1389 3523 1σκέμμοι

374 3562 541 3645 σοφιστικὸν
563 3561 791 3643 οὶνοιφροντόζιιν,
815 3560 968 3625 meditari.

422 3682 495 3743 113.
523 3679 620 3757 νόμον
632 3718 676 3729 -
687 3680 906 3757 Ἱπποδάμειον.
930 3678 1058 3763 Proprie
1074 3701 1136 3743 non
1152 3687 1198 3744 est
1219 3681 1387 3765 appositio,

374 3797 426 3859 sed
450 3798 525 3861 heee
549 3797 673 3860 nomina
695 3818 768 3860 essu
791 3796 995 3875 conveniunt,
1019 3804 1182 3882 propterea
1197 3798 1282 3882 quod
1298 3800 1387 3863 ambo

375 3914 509 4001 pendent
538 3938 556 3978 a
585 3915 677 3980 verbo
700 3916 862 3997 σχεθέμεν,
887 3915 946 3980 hoo
968 3914 1077 3979 modo:
1103 3916 1254 4000 cogitavit
1277 3916 1388 3981 habere

373 4031 578 4109 connubium,
603 4055 712 4117 nempe
735 4031 846 4097 habere
870 4032 1119 4118 Hippodamiam.

421 4154 493 4215 115.
530 4156 636 4223 πολιοῖο
667 4152 749 4223 eilde.
796 4152 945 4216 Similiter
975 4152 1059 4238 apud
1091 4152 1278 4230 Homerum,
1307 4153 1345 4218 Il.
1371 4154 1387 4217 I

373 4271 453 4346 350,
478 4270 614 4335 Achilles
637 4269 798 4335 'Photidem
822 4277 1002 4355 precaturus
1026 4271 1165 4336 consedit

482 4388 533 4452 όῖό
556 4389 606 4467 ἐφ’
630 4390 701 4459 altor
723 4397 825 4463 πολιῆς
848 4386 928 4469 όρόον
952 4388 1000 4453 ἐπὶ
1023 4385 1123 4453 elnone
1145 4388 1258 4453 πόντον.
