3725 5542
987 749 1052 805 444

513 942 598 1005 dium
629 942 689 1026 ipsi
719 942 894 1026 contigisse.
942 939 1073 1005 Cernere
1104 943 1176 1006 lieet
1205 944 1391 1027 singularem
1419 947 1533 1010 Poetae

513 1057 546 1121 in
577 1057 765 1121 consolando
792 1065 823 1122 et
844 1058 1066 1123 commonendo
1091 1059 1330 1138 humanitatem,
1355 1085 1450 1147 quum
1468 1064 1534 1128 loe-

512 1183 580 1238 tam
602 1174 755 1258 praesenti
779 1175 897 1238 laetitia
917 1175 964 1239 ita
987 1176 1123 1260 superari
1148 1177 1238 1254 velit,
1264 1178 1410 1244 utillum
1433 1203 1533 1264 neque

510 1291 697 1376 cogitatione
712 1294 849 1370 omittat,
863 1313 921 1356 nec
932 1301 1034 1356 tamen
1048 1295 1184 1377 apertius
1195 1295 1384 1360 nominando
1397 1306 1531 1362 renovet.

556 1411 609 1474 la.
642 1409 816 1486 Τιμόσθενες
846 1409 930 1486 ὔμμε
953 1409 992 1474 δέ.
1039 1409 1246 1476 Timosthenia
1269 1411 1391 1477 landam
1415 1412 1532 1478 Neme-

510 1548 593 1590 aeam
617 1547 687 1590 eom
708 1526 932 1593 Alcimedontis
948 1527 1075 1592 victoria
1090 1527 1252 1613 Olympiae
1266 1531 1413 1615 copulat,
1429 1532 1533 1596 illum·

510 1664 572 1726 que
604 1644 689 1729 priua
715 1643 868 1728 appellat,
896 1645 1028 1730 qnippe,
1053 1653 1089 1708 nt
1113 1646 1251 1723 videtur,
1275 1654 1350 1710 natu
1375 1649 1531 1734 majorem.

509 1758 617 1824 Jovem
640 1761 784 1836 γενέθλιον
806 1761 954 1845 appellari
977 1761 1130 1825 existimat
1149 1761 1324 1827 Boeclrhiua
1340 1773 1465 1850 proptor
1479 1789 1531 1849 ge-

512 1898 571 1939 nua
595 1878 704 1953 Aeaci,
729 1899 800 1940 nam
823 1877 1003 1962 Blepsiadas
1027 1879 1065 1942 ab
1090 1881 1191 1943 Aeaeo
1213 1879 1338 1944 duxisse
1362 1881 1530 1968 originem:

511 2015 616 2056 rernm
644 1992 683 2056 de
712 2016 749 2056 ea
776 1994 894 2078 origine
925 1994 1021 2072 nihil,
1050 2003 1200 2080 qnantum
1229 1997 1310 2075 acio,
1338 2006 1531 2083 compertum

511 2120 568 2173 eat.
607 2109 699 2193 Apud
724 2110 822 2174 Aeaeh
846 2111 930 2196 Sept
955 2133 981 2176 e.
1006 2111 1064 2176 Th.
1090 2115 1152 2176 689
1178 2112 1339 2198 Polynicen

961 2229 1039 2302 θεοὺς
1061 2230 1222 2307 γενεθλθοιις

850 2345 1099 2426 amaricantia:
1122 2356 1189 2423 γῆς.

511 2461 591 2525 Sunt
620 2461 665 2527 ibi
695 2461 748 2525 Dii
779 2461 935 2546 gentilitii.
978 2460 1094 2525 Verum
1126 2463 1270 2540 γενέθλιον
1296 2475 1342 2526 est
1366 2464 1457 2527 etiam
1481 2463 1533 2541 id,

512 2578 596 2662 quod
624 2579 663 2642 ad
690 2579 758 2663 ipaa
780 2577 911 2663 alicujus
934 2578 1050 2642 natalia
1073 2579 1220 2663 pertinet:
1244 2578 1329 2642 velat
1353 2578 1435 2663 apud
1459 2601 1534 2643 enn-

513 2693 583 2758 dem
606 2693 698 2758 Eum.
724 2698 740 2761 7
768 2694 890 2760 Phoebe
912 2695 1010 2760 donat
1028 2695 1215 2780 Delphicum
1231 2696 1389 2760 oraculum
1407 2695 1533 2759 Phoebo

512 2811 657 2889 γενέθλιον
686 2810 771 2876 θθειν.
817 2811 859 2876 Et
889 2811 973 2897 apud
1000 2811 1180 2896 Euripidem
1202 2811 1263 2876 Jon
1289 2815 1352 2875 655
1375 2814 1459 2876 θῦοει
1482 2835 1533 2888 γε·

510 2930 606 2993 vana
635 2935 683 2990 eat
714 2928 810 2993 lacere
840 2951 927 2992 sacra
950 2937 1111 3013 propterea
1132 2928 1215 3013 quod
1240 2928 1341 2992 infans
1364 2937 1455 2993 natue
1478 2929 1531 2993 sia

512 3043 585 3130 Ipse
607 3044 672 3109 dica
695 3045 807 3109 natalis
830 3045 1004 3130 appelletur
1025 3045 1168 3122 γενέθλιος
1191 3046 1302 3124 talpa:
1329 3047 1528 3110 Ammonius:

510 3161 655 3227 τιθεοετιιι
677 3162 726 3225 ἐπὶ
747 3168 806 3227 τῶν
826 3162 951 3244 ζώντων,
975 3163 1025 3226 aral
1049 3165 1077 3226 ἐν
1100 3159 1119 3242 ὖ
1140 3160 1262 3234 ἕκαστος
1287 3162 1382 3242 ἡμέρᾳ
1393 3164 1530 3242 ἐγενήθη,

511 3277 587 3353 atra
613 3287 752 3344 ιιιιλεῖτοιι
782 3279 926 3354 γενέθλιος
958 3277 1061 3358 ἡμέρα.
1106 3281 1211 3362 Atque
1241 3301 1277 3342 ea
1306 3278 1530 3361 significatione

511 3396 596 3481 apud
619 3395 778 3460 Platonem
802 3396 951 3460 dicuntur
972 3395 1027 3460 teci
1049 3397 1204 3474 γενέθλιοι,
1227 3395 1274 3459 De
1297 3394 1392 3479 chg.
1417 3395 1445 3454 V
1467 3397 1530 3460 ‘129

513 3512 647 3585 οεθνονς
670 3515 832 3589 γενεθλίους
855 3513 932 3584 θεοὺς
955 3514 995 3584 εἷς
1020 3512 1130 3576 παίδων
1151 3513 1277 3593 σποράν,
1300 3519 1331 3575 et
1353 3512 1401 3575 [X
1418 3515 1482 3578 879
1499 3512 1530 3576 d.

513 3632 563 3695 Ita
592 3630 652 3696 lroc
682 3629 808 3695 Pindari
838 3631 906 3694 loeo
938 3652 1000 3694 non
1026 3629 1150 3715 Jupiter
1172 3629 1343 3714 gentilitia:
1366 3629 1530 3713 significari

513 3748 650 3824 videtur,
684 3748 737 3812 aad
769 3748 919 3813 natalium
951 3748 1093 3824 Praeaea,
1122 3747 1176 3830 qui
1199 3748 1318 3811 curavit
1341 3745 1420 3810 vitae
1443 3745 1533 3829 origi·

511 3887 599 3941 nem,
623 3873 656 3929 et
676 3865 728 3929 cui
750 3887 835 3928 nunc
853 3866 918 3949 jam
941 3865 1025 3949 ipsos
1040 3863 1187 3928 tutandos
1203 3871 1234 3926 et
1250 3861 1441 3948 adjuvandos
1457 3859 1529 3925 For·

511 3993 589 4047 tnua
618 3982 747 4047 tradidit
776 3991 862 4070 patre
891 3982 1026 4046 orbatos.
1073 3982 1139 4061 Ita,
1170 3983 1284 4066 injecta
1312 3980 1405 4044 modo
1429 3980 1532 4044 lnctna

512 4101 716 4184 cogitatione,
751 4123 814 4165 non
848 4107 970 4164 tantum
1006 4109 1151 4184 praesens·
1184 4098 1332 4182 gandium
1370 4099 1531 4162 confirmat

512 4217 604 4281 lande
634 4217 753 4293 fratria,
786 4239 893 4281 rernm
917 4217 977 4301 ipsi
1001 4237 1124 4300 qnoque
1152 4215 1248 4300 patris
1275 4215 1367 4278 morti
1394 4215 1533 4278 medetur

511 4336 616 4400 divino
646 4335 775 4412 solatio,
805 4334 892 4398 Jovia
922 4356 1032 4418 nempe
1063 4355 1183 4417 amore,
1214 4334 1270 4417 qni
1305 4333 1360 4396 has
1391 4332 1533 4396 victorina

511 4452 758 4518 adolescentibna
784 4452 920 4518 dedisaet
941 4461 973 4515 et
995 4451 1158 4517 orbitatem
1181 4459 1408 4536 compensaret:
1432 4471 1533 4536 nequa
