3725 5542
796 732 833 791 ol

316 954 434 998 munera
458 955 525 997 eam
549 940 581 996 et
602 932 734 995 inveniri
757 940 788 994 et
811 930 920 1013 aperiri
942 928 1121 1007 ostendens,
1142 929 1323 994 modestiam

313 1054 344 1115 in
376 1049 645 1136 praestantissimis
680 1047 874 1113 commendat
908 1046 1046 1131 gaudiis:
1083 1048 1196 1112 etenim
1230 1071 1325 1126 „cum

314 1170 374 1233 Deo
398 1178 465 1233 sata
488 1168 605 1232 firmior
626 1166 805 1229 hominibus
828 1166 954 1229 fortuna
976 1165 1148 1249 manet.''¹)

351 1286 411 1349 Sed
435 1294 645 1371 praeteream
668 1282 924 1359 inconstantiam,
950 1303 1029 1364 quae
1052 1289 1181 1347 naturae
1200 1290 1322 1346 nostrae

312 1403 461 1487 rebusque
486 1401 600 1465 nostris
626 1400 671 1464 ita
694 1400 817 1485 propria
843 1407 903 1478 est,
934 1406 970 1463 ut
996 1421 1032 1462 ea
1058 1400 1190 1464 maxime
1216 1399 1325 1463 distin-

312 1542 437 1602 guamur
461 1518 500 1582 ab
519 1516 748 1581 immortalitate
765 1516 918 1593 Deorum,
936 1515 1072 1580 ostendit
1086 1526 1242 1601 praeterea
1257 1517 1325 1600 ipsa

313 1638 479 1702 multorum
504 1637 578 1700 vitia
602 1636 762 1701 homiuum
782 1644 812 1699 et
831 1634 914 1713 odia,
935 1658 1036 1719 neque
1055 1644 1158 1700 tamen
1179 1636 1217 1699 ad
1239 1636 1325 1700 aliud

313 1777 344 1818 ea
372 1756 433 1819 nisi
464 1754 504 1818 ad
534 1754 658 1819 laudem
684 1753 777 1817 simul
804 1761 835 1817 et
857 1752 1038 1818 modestiam
1062 1776 1186 1831 eorum,
1212 1755 1326 1839 quiea

314 1870 414 1935 rident
438 1878 470 1935 et
494 1872 673 1955 patiuntur,
697 1872 849 1955 pertinere
873 1870 958 1948 vult,
982 1878 1018 1935 ut
1042 1870 1072 1934 id
1096 1871 1216 1957 ipsum,
1241 1872 1325 1955 qnod

312 1988 450 2052 uideatur
473 1988 603 2067 malum,
625 1989 761 2053 conferre
780 1988 903 2053 studeat
922 1990 955 2053 in
976 1988 1101 2053 bonum.
1138 1988 1234 2054 Velut
1253 1988 1329 2053 Hie·

312 2127 412 2171 ronem
444 2106 575 2171 laudans
607 2108 767 2172 verborum
797 2107 976 2171 breuitatem
1008 2116 1040 2170 et
1062 2108 1326 2192 opportunitatem

313 2225 467 2308 sequitur,
500 2232 537 2288 ut
565 2226 666 2288 minor
696 2224 737 2288 sit
759 2224 955 2309 reprehensio
979 2224 1158 2304 hominum,
1183 2248 1324 2309 magnam

312 2339 349 2405 de
367 2342 466 2405 aliena
487 2343 601 2405 virtute
620 2340 878 2426 praedicationem
898 2364 961 2405 nou
980 2342 1159 2407 ferentium:
1177 2353 1208 2408 et
1224 2353 1326 2409 tamen

311 2459 395 2523 lactis
418 2468 457 2523 ut
480 2458 575 2523 Hiero
598 2460 700 2523 vincat
723 2458 868 2523 invidiam
893 2458 1053 2539 admonet,

674 2578 716 2653 μὴ
741 2576 835 2654 παρίει
862 2574 960 2640 azad·

313 2716 348 2757 ae
376 2694 510 2757 remittas
540 2694 649 2756 madae.
663 2694 687 2775 ἵ)
726 2693 797 2755 ΑΙίο
829 2693 896 2756 loco
925 2703 1069 2779 provocat
1092 2695 1131 2759 ad
1154 2696 1252 2761 diem:
1277 2707 1326 2778 et,

310 2812 449 2895 quamvis
472 2812 513 2875 sit
536 2810 649 2894 aliquis
671 2811 812 2889 invidus,
837 2812 985 2877 invidiam
1008 2813 1083 2877 dicit
1103 2816 1224 2879 inanem
1245 2815 1326 2882 volvi

310 2929 440 2994 tenebris
473 2936 504 2993 et
526 2928 634 2993 cadere
657 2929 762 3007 humi,
787 2930 840 2994 sed
865 2930 988 2995 laudem
1010 2932 1074 2995 fore
1096 2942 1204 2998 ratam.
1217 2935 1241 3017 8)
1287 2934 1326 2999 Ιιι

310 3046 420 3111 Theaei
453 3046 561 3131 Argivi
592 3048 726 3111 victoriis
758 3047 970 3133 praedicandis
1000 3048 1077 3111 vitat
1103 3050 1250 3114 orationis
1278 3072 1327 3115 oo·

311 3166 407 3249 piam:
424 3168 450 3247 ⁴)
479 3164 541 3228 imo
565 3186 636 3229 vero
661 3165 698 3229 de
721 3166 826 3229 lutura
849 3167 913 3250 ejus
938 3167 1052 3251 majore
1075 3167 1201 3231 victoria
1223 3178 1325 3233 mente

311 3282 515 3367 praecipiens:
532 3303 574 3360 „o
589 3280 711 3366 Jupiter
715 3282 747 3360 ,''
758 3282 875 3366 inquit,
889 3304 992 3365 „quae
1006 3291 1109 3346 mente
1124 3284 1224 3367 cupit,
1241 3292 1323 3350 tacet

311 3401 374 3484 ejus
404 3421 457 3463 os:
491 3397 545 3463 sed
574 3398 673 3463 omnis
704 3421 806 3463 rerum
829 3400 898 3463 finis
922 3399 955 3462 in
977 3406 1009 3462 te
1031 3406 1094 3463 est:
1119 3422 1176 3465 nec
1198 3400 1323 3467 laudem

309 3525 451 3601 precatum
474 3518 531 3593 ita,
556 3524 590 3580 ut
614 3516 699 3580 cordi
717 3515 815 3581 desidi
836 3516 954 3579 adferat
973 3517 1163 3582 audaciam.”
1177 3519 1201 3601 ⁸)
1236 3517 1326 3584 Prae·

310 3634 408 3698 clarus
438 3634 526 3698 loeus
557 3642 619 3698 est:
653 3634 783 3718 primum
815 3641 902 3697 tanta
928 3634 1074 3718 precandi
1096 3634 1263 3713 modestia,
1288 3646 1325 3701 ut

310 3752 472 3815 maximam
503 3750 626 3815 laudem
648 3788 693 3800 —
716 3750 905 3835 significatur
937 3759 1039 3815 autem
1070 3751 1197 3816 victoria
1219 3751 1323 3838 Olym·

311 3870 377 3952 piae
407 3906 452 3917 ·-
482 3876 584 3931 mente
614 3868 739 3951 quidem
770 3890 787 3932 a
814 3868 891 3931 Jove
922 3875 1063 3953 precetur
1070 3918 1080 3947 ,
1109 3870 1163 3933 sed
1186 3873 1323 3937 oratione

311 3987 462 4073 appellare
485 4008 549 4049 uon
572 3985 700 4050 audeat:
726 3994 791 4051 tum
815 4008 887 4051 vero
911 3985 1027 4072 duplex
1049 3988 1193 4071 sperandi
1216 4012 1323 4070 causa,

311 4106 422 4182 altera,
454 4102 538 4187 quod
567 4103 691 4189 Jupiter
719 4104 822 4168 omnia
844 4103 1026 4169 mortalibus
1049 4106 1203 4189 perficiat,
1228 4107 1324 4172 altera

312 4244 398 4301 sero,
422 4218 508 4305 quod
529 4242 591 4285 non
616 4228 727 4285 temere
746 4242 803 4285 nec
823 4221 888 4285 sine
907 4220 1011 4285 labore
1030 4222 1158 4306 gloriam
1179 4224 1325 4289 audacter

344 4392 370 4453 ι)
386 4393 452 4441 nea.
473 4390 548 4439 Vm.
566 4389 606 4439 as.
673 4390 698 4451 a)
716 4392 760 4455 ry.
779 4392 801 4439 r.
821 4388 960 4442 ιιι-ιιι.
1029 4390 1053 4450 ι)
1071 4392 1136 4442 aaa.
1149 4393 1193 4442 ru
1206 4392 1322 4459 casteqq.

343 4489 369 4546 a)
386 4486 453 4537 um.
470 4484 501 4534 r.
518 4484 558 4535 aa.
671 4486 696 4547 ι)
714 4484 770 4533 raa
787 4485 826 4535 aa.
