3725 5542
996 739 1015 797 6

494 933 556 998 illis
587 934 634 997 vei
666 932 804 997 Isthmiis
833 935 1035 1019 aequiparari.
1081 934 1131 999 Ibi
1160 957 1247 1012 arae,
1271 935 1407 1012 hostiae,
1432 934 1510 998 festa

495 1050 632 1113 Deorum
663 1058 694 1113 ct
725 1050 844 1114 ludicra
873 1053 1042 1116 certamina
1073 1053 1106 1115 in
1136 1052 1273 1115 Deorum
1301 1051 1449 1115 honorem
1471 1051 1510 1115 ab

496 1167 640 1231 heroibus
671 1168 829 1232 instituta:
862 1168 906 1232 ibi
937 1169 1124 1254 populorum
1154 1190 1339 1245 concursus,
1370 1171 1510 1253 gentium

496 1285 610 1362 honos,
643 1284 788 1349 Graeciae
818 1286 978 1349 vinculum
1005 1294 1037 1349 et
1059 1285 1187 1370 copula:
1211 1285 1255 1350 ibi
1278 1286 1386 1350 laudes
1409 1308 1428 1349 a
1450 1310 1511 1350 ma·

493 1402 613 1486 juribus
629 1409 733 1485 partae
749 1402 1001 1467 redundaverunt
1019 1403 1057 1465 cd
1074 1410 1228 1487 materna:
1242 1403 1285 1466 ibi
1296 1412 1343 1466 eat
1353 1404 1510 1467 excultum

495 1528 526 1583 et
549 1520 738 1602 expositum,
762 1518 915 1603 quidquid
938 1527 1122 1596 venustum,
1146 1520 1331 1603 gratiosum,
1352 1518 1507 1604 pulcrum,

494 1634 691 1721 splendidum
715 1636 844 1699 Graecia
865 1635 950 1698 tulit.
965 1636 989 1717 ¹)
1034 1635 1085 1699 Ibi
1106 1636 1250 1699 victorias
1272 1635 1325 1698 ille
1348 1637 1510 1714 cecinerit,

493 1776 549 1817 nec
573 1752 679 1817 laudes
703 1752 838 1817 Deorum
862 1753 1045 1817 ethereum
1069 1754 1120 1839 pie
1142 1752 1356 1828 celebraverit,
1378 1774 1435 1816 nec
1450 1774 1512 1815 ma·

489 1872 592 1955 jorum
624 1870 800 1954 patriaeque
830 1870 924 1933 decus
952 1869 1127 1934 ornaverit?
1161 1869 1221 1933 Ille
1243 1892 1345 1933 reram
1368 1868 1511 1947 laudem,

494 1988 656 2063 virtutem,
680 1986 891 2050 aeternitatem
908 1985 1051 2049 siluerit?
1073 1985 1133 2049 Ille
1148 2008 1262 2070 cycnus
1277 1986 1377 2051 multa
1391 1986 1511 2050 levatus

494 2126 570 2167 aura
593 2124 655 2166 non
677 2102 756 2165 altos
778 2102 809 2165 in
834 2102 965 2165 nubium
988 2110 1105 2165 tractus
1128 2102 1318 2166 tetenderit?

539 2218 599 2283 Sed
630 2220 738 2283 merito
770 2241 840 2282 eum
871 2218 1010 2283 laudarit
1043 2219 1202 2283 Horatius.
1250 2218 1316 2283 Nos
1347 2228 1451 2283 antem
1474 2218 1512 2282 da

495 2339 561 2422 ejus
585 2337 737 2422 sapientia
759 2336 905 2421 scripturi
928 2358 1054 2414 sumus,
1078 2346 1114 2400 ut
1137 2360 1200 2420 qua
1222 2337 1260 2400 de
1276 2337 1344 2399 Diis
1360 2336 1512 2420 rebusque

498 2454 641 2517 humanis
666 2455 818 2517 sententia
841 2454 935 2517 fuerit
957 2476 1161 2537 exponamus,
1178 2454 1312 2537 denique
1326 2464 1363 2515 ut
1378 2453 1512 2537 aliquam

496 2573 608 2636 mentis
639 2570 724 2634 illius
752 2571 881 2655 effigiem
904 2571 1087 2636 adumbrare
1111 2592 1274 2647 conemur,
1298 2591 1423 2654 quoqne
1444 2570 1513 2634 loco

493 2689 559 2773 ejus
583 2689 734 2773 sapientia
756 2687 896 2752 habenda
919 2690 960 2751 sit
982 2686 1152 2752 ostendere.
1188 2686 1264 2751 Rem
1287 2687 1443 2751 difficilem
1463 2710 1514 2772 ag·

493 2805 667 2889 gradimur,
692 2804 745 2868 sed
768 2804 910 2869 lubenter
932 2803 1146 2889 aggredimur,
1171 2812 1332 2888 propterea
1350 2804 1436 2886 quod
1451 2826 1513 2868 non

494 2922 624 2986 facimus
656 2944 717 3005 quo
749 2943 805 2985 uos
836 2944 902 2985 eam
934 2930 1080 3006 putemus
1110 2922 1274 3005 perficere,
1306 2921 1361 2984 sed
1390 2930 1427 2983 ut
1449 2942 1516 3004 per·

495 3036 642 3101 finiendae
662 3037 765 3101 studia
786 3039 988 3121 provehemur
1009 3045 1041 3100 et
1058 3038 1239 3101 incitemus:
1260 3037 1354 3101 simul
1373 3058 1462 3112 vero,
1478 3044 1515 3101 ut

496 3156 553 3219 hoc
578 3164 640 3218 tam
664 3154 818 3239 praeclaro
840 3177 875 3217 cc
899 3177 994 3239 prope
1016 3155 1122 3218 divino
1145 3153 1326 3218 Pindaricae
1347 3154 1514 3239 sapientiae

495 3272 634 3356 exemplo
666 3272 822 3355 proposito
851 3273 944 3335 unius
968 3294 1056 3335 acrae
1079 3294 1114 3335 ac
1137 3272 1254 3335 solidae
1276 3272 1411 3336 veritatis
1434 3294 1515 3335 ame

495 3411 560 3452 rem
583 3396 614 3451 et
638 3388 870 3452 admirationem
895 3388 1155 3453 commendemus.

529 3644 553 3703 l)
570 3644 607 3693 Dc
632 3642 742 3692 ludorum
766 3643 863 3693 illorum
887 3648 975 3692 natura
991 3643 1166 3707 elegentiaaimc
1183 3659 1211 3691 ac
1228 3643 1366 3691 doctiuima
1382 3641 1516 3705 diupcuvu

495 3738 520 3785 S.
538 3736 657 3786 lomna
676 3736 700 3785 in
721 3738 851 3799 Spania
868 3738 1012 3796 findat-icc,
1027 3754 1083 3801 m.
1100 3740 1117 3785 4
1133 3752 1194 3800 seqq.
