3725 5542
813 686 876 748 305

390 893 443 954 03.
479 894 597 969 τυχεῖν,
616 887 804 973 propositum
821 908 964 985 prospere
981 886 1141 970 consequi,
1159 884 1243 950 velut
1257 884 1346 950 Nem.

316 1045 319 1059 ι
342 1008 408 1073 VII
434 1011 486 1073 16.

664 1126 687 1191 εἰ
710 1126 740 1190 δὲ
763 1124 842 1206 σύχρ
864 1149 907 1196 σος
930 1120 1022 1203 ἕρδον.

331 1202 332 1207 i
387 1246 518 1325 ἈγωνΙα
540 1246 561 1309 i.
585 1267 615 1330 q.
639 1245 737 1321 eyn,
762 1252 797 1307 ut
820 1241 909 1307 Nem.
934 1241 997 1306 VII
1024 1245 1062 1306 lo
1084 1251 1114 1306 et
1131 1244 1261 1327 saepius.
1286 1254 1349 1309 Πα-

343 1365 457 1445 pestes
490 1362 664 1429 semovendi
699 1370 729 1427 et
760 1360 908 1427 liberandi
939 1361 1161 1446 significatione
1193 1372 1240 1426 est
1264 1384 1352 1448 saepe

344 1482 486 1560 obvium,
511 1482 595 1547 velut
611 1479 750 1567 Thucyd.
767 1480 802 1544 Π
819 1483 859 1543 65
876 1489 928 1556 τῆς
944 1483 1029 1561 ὀργῆς
1046 1481 1221 1563 παραλύειν,
1237 1480 1351 1545 Herod.

345 1600 408 1666 VH
428 1604 470 1665 38
489 1610 542 1678 τῆς
562 1602 727 1681 στρασηΐης.
753 1600 845 1665 Ηοιιι.
863 1598 922 1665 00.
936 1598 964 1661 V
978 1604 1041 1666 307
1060 1600 1218 1674 κακότητος
1231 1600 1346 1665 ἔλυσαν.

345 1720 490 1803 Δύσφραν
520 1720 552 1785 in
583 1720 673 1786 rebus
704 1719 842 1785 tristibus
874 1718 1005 1798 dicitur,
1037 1720 1122 1784 velut
1151 1718 1244 1806 Soph.
1269 1718 1345 1783 Oed.

345 1838 499 1905 001200

266 1948 268 1953 ¹
666 1958 733 2031 ὤμοι
756 1958 907 2039 δύσφρονος
929 1954 1018 2030 ἄτας.

347 2076 387 2141 llt
419 2077 525 2163 Elurip.
550 2076 697 2142 Androm.
726 2080 809 2142 1043
834 2077 988 2161 δύσφρονες
1010 2079 1113 2144 λύπαι.
1158 2078 1224 2165 Ipsi
1247 2086 1348 2143 eutem

347 2197 419 2261 huic
442 2196 566 2261 Pindari
590 2196 657 2261 loco
679 2197 809 2261 maxime
833 2199 976 2262 convenit
999 2197 1124 2262 Hesiod.
1151 2196 1266 2283 Theog.
1285 2200 1348 2260 528

591 2315 640 2380 καὶ
662 2317 849 2394 repentem
872 2314 1098 2400 δυσφροσυνάων.
1140 2378 1146 2393 ,

393 2436 445 2497 06.
481 2432 627 2519 Exsurgit
656 2434 751 2499 Poeta
782 2456 800 2497 s
829 2435 1013 2519 cogitatione
1039 2434 1187 2499 Theronis
1211 2432 1249 2528 sd
1272 2433 1352 2517 cogi·

348 2552 495 2617 tutionem
512 2552 651 2638 exempli.
676 2552 810 2638 Exponit
825 2552 1018 2639 splendorem
1032 2552 1223 2630 divitiorum,
1239 2552 1352 2617 illustri

349 2670 474 2736 laudum
493 2672 677 2738 ludicrorum
694 2672 801 2739 decore
817 2675 1032 2761 conspicuum:
1050 2683 1085 2738 ut
1097 2675 1160 2759 jorn
1176 2672 1254 2737 nihil
1269 2696 1352 2759 prue-

350 2790 460 2854 olerius
489 2790 606 2855 homini
628 2814 693 2856 esse
716 2792 820 2877 possit.
867 2790 977 2877 Neque
999 2793 1032 2857 in
1054 2800 1140 2857 teuta
1167 2792 1353 2877 praestantis

261 2932 262 2937 ¹
351 2908 529 2973 celebrande
558 2908 753 2988 subsistitur,
788 2932 891 2975 verum
921 2909 1083 2995 cogitando
1112 2910 1286 2997 proceditur
1313 2910 1351 2974 sd

352 3027 444 3091 vitem
467 3026 601 3093 futuram
627 3037 657 3092 et
680 3036 801 3092 esterna
824 3027 973 3093 bonorum
998 3030 1139 3113 proemia.

395 3150 535 3227 Ἀρεσαῖς
566 3146 612 3211 De
636 3148 742 3232 quovis
768 3147 879 3212 virtute
899 3153 930 3211 et
949 3146 1040 3212 leude
1059 3146 1121 3212 dici
1136 3156 1251 3234 potest:
1269 3148 1353 3212 velut

351 3263 401 3329 Ol.
426 3264 442 3328 I
467 3267 518 3329 21.
566 3265 634 3329 Hoc
665 3274 766 3331 tamen
789 3265 856 3330 loco
880 3263 987 3329 laudes
1010 3266 1204 3330 victoriarum
1227 3265 1355 3330 ludicre·

352 3406 419 3449 rum
442 3384 663 3469 significentur.
708 3384 854 3450 Similiter
883 3383 933 3449 Ol.
957 3383 1005 3449 IV
1032 3387 1086 3462 17,
1112 3384 1237 3451 11107.

396 3508 449 3569 08.
483 3512 538 3571 σῶν
567 3530 601 3570 σε
629 3506 677 3571 καὶ
704 3512 768 3571 σῶν.
805 3504 976 3590 significari
999 3503 1179 3570 Karstenius
1203 3505 1355 3570 existimet

352 3646 398 3687 res
421 3623 516 3688 bones
540 3632 571 3687 et
593 3622 747 3687 adversos:
772 3624 804 3687 in
828 3622 952 3687 scholiis
976 3632 1041 3687 tum
1065 3622 1167 3687 cedem
1194 3623 1354 3709 explicatio

353 3750 414 3821 est,
446 3751 513 3807 tum
542 3743 716 3809 referuntur
746 3742 783 3807 ad
808 3766 857 3821 es,
889 3764 966 3827 quse
990 3766 1006 3807 c
1029 3741 1162 3820 divitiis,
1188 3750 1219 3807 et
1242 3741 1279 3807 ed
1303 3765 1355 3820 es,

352 3884 429 3946 quse
453 3884 469 3926 e
493 3862 656 3927 virtutibus
681 3863 869 3948 proveniunt.
908 3858 1023 3926 Verum
1045 3884 1106 3926 non
1130 3884 1177 3926 res
1199 3862 1243 3925 ita
1261 3861 1357 3925 dividi

353 3980 508 4057 cristine,
541 3990 577 4045 ut
606 3981 742 4045 diversae
771 3981 817 4045 vel
841 3980 1010 4045 contrariae
1033 3980 1112 4044 inter
1135 4003 1168 4043 se
1190 3980 1359 4063 significen-

353 4108 414 4164 tur.
460 4099 514 4184 Py.
539 4099 567 4159 V
593 4104 633 4165 74
657 4100 743 4179 ὄλβος
771 4102 811 4167 σοὶ
838 4100 887 4165 καὶ
916 4100 958 4165 σοὶ
981 4100 1070 4176 νέμων
1093 4106 1195 4183 aperte
1219 4098 1257 4164 de
1280 4121 1359 4162 com-

355 4218 492 4305 pluribus
516 4218 605 4283 rebus
629 4218 768 4284 felicibus
792 4218 913 4283 dicitur.
953 4216 1044 4282 Nem.
1069 4216 1085 4281 I
1109 4220 1151 4280 43
1175 4223 1230 4282 τῶν
1253 4241 1286 4281 τε
1309 4216 1357 4281 καὶ

354 4342 409 4402 σῶν
431 4338 564 4417 χρήσιες,
588 4336 626 4400 de
650 4336 754 4407 multis
778 4337 865 4403 bouis
889 4337 1016 4402 artibus.
1058 4336 1185 4400 Aristot.
1209 4334 1297 4400 Bhet.
1321 4334 1357 4398 L.

357 4454 407 4518 111
438 4453 472 4517 C.
505 4454 599 4518 XVII
629 4456 669 4521 rol
700 4456 748 4521 καὶ
776 4458 816 4522 σοὶ
841 4464 925 4532 ποιεῖ,
953 4456 990 4519 de
1014 4454 1105 4520 rebus
1128 4452 1258 4532 dicitur,
1282 4476 1359 4538 quse

1199 4582 1235 4635 20
