3725 5542
991 722 1057 783 494

562 919 637 984 Sero
659 920 718 984 hoe
740 941 862 984 carmen
884 942 904 983 a
926 919 1023 984 Poeta
1043 918 1153 983 victori
1175 918 1284 983 datum
1307 940 1390 997 esse,
1408 926 1538 1003 apparet

518 1046 550 1100 et
579 1059 617 1101 en
646 1037 790 1115 exordio,
813 1046 845 1101 et
867 1059 884 1101 e
907 1058 942 1101 rs
969 1039 1029 1100 llll
1056 1044 1087 1100 et
1110 1059 1144 1100 vs
1170 1040 1244 1101 isa.
1291 1035 1401 1100 Eidem
1425 1038 1536 1100 victori

518 1156 665 1239 scriptum
690 1164 738 1218 est
759 1176 881 1219 carmen
904 1154 995 1219 breve
1018 1153 1070 1217 Ol.
1094 1152 1153 1217 XI.
1180 1152 1250 1217 Jam
1267 1176 1340 1218 reru
1354 1176 1537 1239 comparans

517 1274 551 1336 in
573 1272 632 1336 boe
655 1273 788 1336 carmine
803 1271 899 1335 Poeta
915 1272 1022 1357 poesin
1039 1290 1110 1335 eum
1125 1268 1250 1349 debito,
1267 1292 1334 1334 cam
1351 1271 1537 1355 ignomiam,

515 1410 610 1474 quam
639 1388 745 1453 debito
774 1411 837 1453 non
868 1388 972 1453 soluto
999 1388 1032 1451 in
1056 1410 1088 1451 se
1107 1386 1299 1464 admisisset,
1324 1388 1448 1453 foenore
1470 1386 1539 1451 red-

519 1505 621 1570 dendo
643 1504 740 1570 deleri
762 1506 910 1582 affirmat,
939 1528 973 1569 vs
1001 1508 1057 1569 ts:
1082 1504 1152 1569 ideo
1174 1506 1208 1569 in
1232 1505 1387 1571 veteribus
1410 1502 1538 1569 scholiis

516 1633 564 1688 cst
594 1624 759 1709 explicatio
781 1623 874 1700 baec,
896 1620 1079 1707 Olympium
1101 1622 1300 1687 undecimum
1323 1621 1397 1686 linio
1419 1621 1539 1687 decimo

515 1764 535 1805 a
564 1741 661 1806 Poeta
687 1741 777 1825 quasi
805 1738 914 1805 ioenus
945 1740 1098 1824 adjectum
1130 1740 1235 1803 fuisse
1281 1738 1365 1802 Hinc
1388 1740 1480 1803 etiam
1502 1740 1538 1801 in

517 1859 716 1944 inscriptione
745 1856 797 1921 Ol.
829 1856 877 1920 XI
904 1866 1008 1921 ortum
1038 1866 1086 1921 est
1118 1858 1151 1921 in
1183 1856 1269 1921 libris
1293 1856 1540 1921 addimentum

516 1978 618 2053 τόκος,
642 1974 725 2059 quod
748 1976 781 2038 in
805 1976 1004 2039 annotatione
1027 1974 1134 2039 critica
1148 1976 1398 2039 memoravimus.
1422 1973 1540 2037 Verum

514 2094 548 2157 id
570 2115 632 2157 non
656 2094 702 2156 ita
723 2114 790 2156 esse
812 2092 945 2157 ridetur.
992 2090 1061 2155 Hoc
1088 2092 1190 2175 ipsum
1213 2112 1334 2155 carmen
1358 2091 1530 2168 decimum,

520 2221 585 2274 arte
607 2211 730 2293 egregia
751 2209 962 2285 elaboratum,
987 2232 1005 2272 s
1028 2207 1123 2273 Poeta
1144 2208 1236 2273 credo
1260 2208 1425 2293 significari
1440 2206 1538 2273 debiti

520 2327 705 2391 solutionem
729 2348 799 2389 cnm
825 2325 958 2389 foenore.
1007 2324 1214 2390 Undecimum
1239 2336 1341 2389 autem
1364 2335 1447 2389 recte
1466 2326 1541 2389 aeri-

517 2443 565 2508 bit
595 2443 737 2528 Heynius
767 2444 906 2528 putuisse
929 2441 968 2506 ad
993 2441 1083 2507 aliam
1108 2443 1266 2509 victoriam
1291 2443 1461 2527 pertinere,
1485 2464 1541 2526 pc-

518 2561 616 2625 tuisse
638 2559 677 2624 ad
700 2560 844 2624 eandem:
867 2560 1005 2643 potuisse
1029 2582 1099 2623 cnm
1121 2558 1240 2623 decimo
1259 2559 1358 2634 mitti,
1374 2568 1534 2642 tamquam

516 2676 677 2762 epistolam
701 2698 780 2761 quae
803 2675 883 2740 illud
906 2676 1151 2753 commendaret,
1175 2676 1313 2760 potuisse
1335 2676 1427 2739 etiam
1449 2676 1536 2759 prius

517 2795 610 2858 mitti
657 2794 851 2858 Postremum
883 2792 1147 2857 verosimillimum
1177 2814 1243 2856 esse
1272 2800 1393 2857 statuo:
1417 2792 1534 2876 quippe

516 2921 641 2997 accepto
671 2914 801 2976 recentis
833 2911 977 2975 victoriae
1005 2912 1120 2975 nuncio
1142 2910 1312 2974 Pindarum
1335 2908 1533 2975 undecimum

516 3050 639 3093 carmen
671 3029 832 3092 donavisse
862 3030 991 3093 victuri:
1024 3037 1056 3091 et
1085 3036 1223 3113 tempore
1249 3028 1433 3113 mtorposito
1454 3024 1538 3090 deci·

517 3168 613 3212 mum.
647 3148 753 3230 Atque
775 3147 867 3210 etiam
893 3144 1066 3210 Bocckhius
1089 3154 1120 3209 et
1144 3144 1324 3231 postillam
1340 3144 1473 3209 editores
1488 3166 1538 3207 ur-

517 3264 620 3357 dinem
644 3272 821 3342 mutarunt,
845 3272 878 3327 et
897 3285 1022 3327 carmen
1045 3260 1113 3338 XI,
1137 3264 1253 3347 quippe
1276 3270 1416 3346 tempore
1432 3262 1539 3345 prius,

517 3392 589 3447 enta
611 3381 642 3444 X
665 3390 845 3466 posuerunt.
892 3379 986 3460 Quod
1010 3388 1109 3444 antem
1135 3379 1279 3445 nonnulli
1302 3380 1539 3455 existimarunt,

514 3501 548 3564 in
586 3499 751 3563 undecimo
786 3520 820 3561 rs
856 3501 898 3561 14
933 3518 1055 3562 carmen
1090 3498 1250 3583 promitti,
1288 3518 1415 3581 eamque
1451 3494 1541 3581 polli-

515 3619 692 3682 citationem
729 3615 832 3681 dandc
869 3615 988 3679 decimo
1027 3614 1179 3699 expletam
1217 3636 1300 3690 esse,
1341 3613 1373 3677 id
1411 3612 1540 3697 quidem

515 3758 579 3799 non
609 3736 655 3798 ita
684 3756 749 3798 csse
780 3732 929 3809 arbitror,
962 3752 998 3797 ec
1028 3731 1067 3795 de
1098 3752 1133 3797 ea
1164 3731 1366 3815 explicatione
1389 3750 1447 3793 suo
1469 3729 1540 3793 loco

519 3852 694 3939 disputabo.

562 3970 602 4034 In
624 3968 831 4052 inscriptione
854 3968 888 4030 in
911 3965 1098 4051 quibusdam
1123 3964 1210 4029 libris
1234 3962 1373 4028 additum
1391 3985 1457 4028 ease
1471 3962 1541 4041 'Ap-

518 4089 686 4170 xmpdroc
718 4086 800 4149 παιδὶ
833 4084 949 4165 πύκτῃ,
983 4084 1015 4147 in
1047 4082 1115 4148 aliis
1141 4082 1223 4147 rutil
1249 4080 1365 4161 πύκτῃ,
1387 4102 1446 4145 suo
1469 4079 1540 4143 loeo

519 4204 706 4269 monuimus.
742 4200 883 4266 Fortasse
904 4201 1057 4286 posterius
1080 4221 1117 4263 en
1137 4200 1237 4285 priore
1253 4204 1356 4262 crtum
1372 4208 1435 4263 eat:
1454 4206 1538 4261 certe

518 4321 738 4407 Agesidamum
772 4321 805 4383 in
836 4320 940 4404 pueris
970 4331 1101 4382 certasse
1131 4338 1189 4380 nec
1218 4322 1340 4380 constat
1369 4336 1428 4379 nec
1460 4314 1540 4378 mihi

518 4439 642 4505 videtur
670 4437 847 4525 probabile,
870 4458 927 4501 nec
948 4436 1060 4501 idonea
1082 4456 1174 4499 musa
1197 4434 1236 4498 ab
1258 4432 1382 4518 Heynio
1403 4430 1540 4497 efficitm
