3725 5542
992 727 1057 788 404

514 933 694 1010 praecepto,
719 925 905 989 Graecorum
929 925 1090 989 fortissimi
1113 925 1170 989 viri
1194 926 1288 990 liliam
1311 927 1371 1011 ipsi
1393 949 1459 992 esse
1474 925 1530 991 du-

513 1043 657 1120 cendam,
692 1065 819 1107 uxorem
849 1043 974 1106 duxisse
1004 1042 1096 1107 filiam
1121 1044 1323 1108 Aristomenis
1346 1045 1427 1128 regis
1450 1044 1530 1109 Mes-

499 1162 592 1225 ·senii
624 1162 765 1239 tertiam,
790 1182 885 1244 qnnm
909 1161 1062 1224 neminem
1088 1161 1282 1225 Aristomene
1305 1163 1461 1226 fortiorem
1480 1162 1529 1245 ju·

513 1279 654 1342 dicasset.
702 1277 749 1340 Ex
779 1277 829 1340 his
859 1284 968 1340 natum
994 1299 1060 1341 esse
1083 1276 1248 1342 Doricum:
1273 1301 1308 1341 ex
1333 1277 1446 1342 Dorico
1470 1277 1528 1340 De-

511 1405 685 1478 magetnm:
717 1417 753 1458 er
782 1394 841 1457 hoc
865 1393 1048 1477 Diagoram:
1073 1417 1109 1457 ex
1134 1393 1268 1478 Diagora
1291 1394 1438 1458 oriundos
1462 1415 1527 1456 esse

512 1511 695 1595 Diagoridas
730 1511 877 1574 Rhodios.
917 1510 1031 1574 Verum
1067 1533 1137 1575 eum
1168 1511 1333 1594 Diagoram
1363 1511 1528 1595 quominus

512 1629 644 1692 eundem
668 1629 763 1691 fnisse
786 1627 1013 1705 existimemus,
1038 1629 1091 1711 qni
1115 1628 1173 1691 hoc
1194 1629 1327 1692 carmine
1342 1627 1527 1704 celebratur,

512 1753 649 1810 aetatum
679 1746 870 1829 computatio
901 1751 1001 1808 vetat:
1033 1754 1099 1809 tum
1132 1745 1198 1828 ipse
1222 1745 1407 1823 Pausanias,
1432 1766 1527 1828 quum

511 1861 549 1926 L.
580 1861 627 1927 IV
658 1863 694 1926 O.
726 1860 835 1924 XXIV
867 1884 900 1925 se
930 1883 966 1924 ea
996 1861 1236 1944 praetermittere
1264 1861 1363 1939 dicat,
1386 1883 1465 1946 quae
1488 1861 1528 1925 ad

514 1979 696 2062 Diagoridas
728 1979 933 2062 pertinerent,
965 1999 1003 2040 ne
1026 1978 1057 2040 in
1082 1977 1173 2042 rebus
1196 1977 1419 2042 Messeniorum
1443 2000 1527 2041 enar-

511 2096 616 2160 randis
639 2119 657 2159 a
680 2096 837 2180 proposito
859 2094 998 2158 aberrare
1022 2094 1181 2171 videatur,
1205 2102 1311 2179 postea
1333 2116 1405 2158 vero
1425 2093 1462 2158 L.
1479 2094 1527 2158 VI

514 2213 550 2277 Ο.
580 2211 647 2276 VII
678 2213 709 2275 in
741 2211 910 2276 victoribus
932 2210 1102 2295 Olympiois
1125 2211 1329 2275 memorandis
1353 2211 1466 2275 diserte
1488 2211 1527 2275 de

514 2329 574 2394 boc
597 2329 731 2412 Diagora
753 2329 880 2413 ejusque
904 2327 975 2391 liliis
999 2336 1031 2391 et
1053 2327 1218 2412 nepotibus
1238 2336 1388 2412 exponat,
1404 2326 1528 2391 videtur

514 2447 679 2531 Diagoram
711 2455 865 2510 auctorem
897 2444 1134 2528 Diagoridarnm
1165 2445 1204 2511 ab
1231 2446 1289 2510 hoc
1311 2444 1527 2530 Olympionica

514 2566 701 2629 distinxisse
748 2562 869 2643 Quodsi
901 2565 1115 2640 statuerimus,
1147 2564 1241 2628 fnisse
1268 2564 1352 2629 illius
1375 2565 1527 2650 Diagorae

514 2682 612 2747 fllium
637 2681 839 2764 Demagetum
861 2680 955 2765 hujus
979 2679 1130 2764 Diagorae
1145 2687 1279 2764 patrem,
1297 2689 1430 2747 aetatum
1447 2683 1526 2746 ratio

514 2799 676 2862 convenire
710 2797 900 2882 temporibus
936 2798 1097 2863 videbitur.
1145 2797 1226 2862 Nam
1258 2798 1331 2863 belli
1362 2799 1525 2877 Messenii,

515 2936 577 2998 qno
611 2915 821 2979 Aristomenes
854 2914 1017 2992 inclaruit,
1053 2915 1175 2979 initium
1210 2916 1271 2979 fuit
1304 2913 1355 2978 Ol.
1392 2915 1523 2980 XXIII:

513 3031 646 3096 Pausan.
669 3030 707 3095 L.
731 3031 778 3095 IV
802 3031 837 3095 Ο.
861 3030 922 3094 XV
948 3034 984 3095 l:
1010 3032 1160 3116 Diagoras
1183 3041 1306 3109 autem,
1330 3040 1366 3096 ut
1389 3033 1420 3097 in
1442 3034 1527 3098 scho-

514 3150 565 3213 liis
599 3151 747 3235 scriptum
783 3157 847 3227 est,
879 3149 1054 3235 Olympiam
1087 3151 1244 3215 victoriam
1277 3151 1444 3235 reportavit
1476 3149 1526 3215 01.

512 3267 725 3332 LXXVDII:
750 3289 823 3351 ergo
845 3267 893 3331 illi
915 3268 1016 3351 spatio
1039 3268 1172 3332 duorum
1189 3266 1320 3353 amplius
1336 3268 1527 3332 saeculorum

512 3385 703 3469 computatio
726 3392 844 3468 septem
867 3383 930 3448 iere
953 3393 1090 3448 astatum
1113 3385 1239 3448 omnino
1262 3385 1416 3468 congruit.

560 3501 600 3566 In
635 3499 761 3564 scholiis
792 3499 925 3564 traditur
956 3499 1106 3585 Diagoras
1137 3501 1257 3586 ingenti
1286 3501 1380 3565 hrisse
1412 3509 1529 3566 statura

513 3618 659 3702 corporis.
705 3616 886 3701 Beportavit
908 3617 990 3682 idem
1014 3625 1046 3682 et
1068 3618 1211 3703 Pythiam
1235 3626 1266 3682 et
1288 3617 1363 3682 alias
1386 3619 1528 3682 victorias

513 3734 681 3819 plurimas,
713 3756 792 3819 quae
822 3734 963 3818 singulae
994 3735 1025 3798 in
1056 3736 1115 3800 hoc
1147 3735 1280 3799 carmine
1311 3743 1528 3800 memorantm.

513 3853 561 3913 Ac
593 3857 699 3934 postea
729 3858 792 3915 tres
822 3853 889 3935 ejus
912 3851 969 3916 lilii
992 3859 1023 3915 et
1045 3849 1108 3914 dno
1132 3873 1148 3913 e
1171 3851 1293 3915 filiabus
1316 3859 1444 3937 nepotes
1466 3851 1530 3916 iue-

515 3973 591 4030 rnnt
613 3964 864 4052 Olympionicas:
882 3967 952 4031 vide
976 3966 1093 4030 scholia
1116 3975 1148 4030 et
1170 3967 1261 4032 Paus.
1286 3966 1322 4031 L.
1339 3967 1386 4030 VI
1401 3966 1437 4032 C.
1454 3967 1528 4032 VII.

513 4084 587 4148 Filii
622 4085 688 4169 ejus
721 4083 956 4169 Olympionicae
987 4085 1112 4148 fuerunt
1142 4084 1346 4170 Demagetns,
1378 4085 1528 4162 Doricus,

513 4201 697 4266 Acusilans:
721 4210 850 4287 nepotes
869 4225 906 4266 er
921 4201 1045 4267 filiabus
1054 4184 1172 4267 hlucles
1187 4211 1218 4267 et
1234 4203 1315 4288 apud
1332 4203 1528 4268 scholiastam

513 4319 720 4397 Piairrhotus,
744 4319 827 4405 apud
842 4319 1030 4384 Pausaniam
1046 4320 1218 4385 Pisirodus:
1236 4322 1386 4388 rhetorice
1402 4323 1529 4386 fortasse

514 4436 613 4520 magis
636 4458 730 4520 qnam
753 4436 898 4502 historice
921 4436 1107 4502 Plutarchus
1129 4449 1278 4504 memorat
1299 4441 1392 4515 υἱοὺς,
1415 4441 1529 4512 υἱωνοὺς
