3725 5542
980 741 1045 803 274

505 964 539 1005 ea
562 948 672 1005 curreta
696 942 763 1005 loca
786 942 976 1025 comparanti
999 940 1074 1004 mihi
1103 940 1287 1023 significatio
1311 940 1375 1003 visa
1390 950 1518 1005 estesse

501 1060 624 1136 eadem,
649 1082 741 1143 quarn
765 1059 857 1123 ruodo
880 1058 962 1135 dixi,
987 1066 1039 1123 τοῦ
1066 1058 1338 1135 κοιτοιλοίμπεσθιιι,
1363 1058 1514 1122 radiatum

500 1202 578 1256 esso,
601 1180 710 1242 lucere.
740 1178 842 1261 Igitur
861 1178 899 1241 ab
920 1178 979 1240 hoc
995 1177 1120 1240 Pindari
1139 1176 1206 1239 loco
1223 1177 1298 1239 haec
1313 1176 1413 1240 aliena
1428 1190 1511 1241 sunt.

545 1295 651 1358 Restat
682 1304 718 1358 ut
749 1295 787 1358 de
818 1294 909 1359 verbo
941 1299 1074 1371 μενοινῶν
1105 1292 1279 1357 uideamus:
1316 1293 1399 1376 quod
1433 1304 1515 1358 certe

499 1414 674 1497 saepissime
705 1412 743 1476 de
775 1413 884 1496 agendi
916 1411 1019 1476 studio
1051 1412 1196 1495 ponitur:
1229 1412 1283 1475 sed
1310 1422 1413 1475 tamen
1438 1413 1515 1477 aliae

498 1533 734 1616 significationes
760 1554 820 1595 uon
845 1530 1071 1608 excluduntur,
1096 1553 1194 1616 quum
1216 1531 1342 1594 omniuo
1363 1532 1514 1615 significet

498 1650 592 1713 animi
626 1672 731 1713 curam
766 1657 796 1713 ct
827 1650 973 1733 majorem
1004 1650 1243 1733 cogitationem,
1278 1671 1357 1733 quae
1388 1658 1451 1712 tam
1482 1650 1513 1712 iu

498 1778 581 1831 metu
607 1767 734 1852 periculi
758 1790 850 1850 apuam
873 1768 905 1830 iu
922 1767 1054 1831 actionis
1072 1767 1192 1851 impetu
1208 1790 1273 1829 esse
1290 1775 1405 1850 potest:
1429 1766 1515 1829 velut

502 1885 590 1949 Hom.
617 1886 653 1948 ll.
679 1884 756 1947 XIV
782 1887 847 1947 264

561 2004 672 2083 Ὕπνε,
695 2004 742 2077 τίν
762 2002 791 2065 δὲ
815 2002 851 2066 σὺ
874 2008 975 2067 τοῦτο
997 2002 1079 2076 μετὰ
1101 2002 1188 2083 Φοεσί
1208 2012 1274 2081 σῇσι
1298 2009 1446 2084 μενοινᾷςς

497 2121 687 2204 significatur
718 2120 864 2203 cogitatio
896 2118 1087 2183 difficultatis
1119 2122 1201 2203 ejus,
1234 2141 1296 2201 qua
1326 2118 1458 2182 Somnus
1481 2141 1514 2181 se

497 2237 642 2301 deterreri
670 2237 805 2314 dixerat,
837 2236 1004 2321 quominus
1026 2236 1144 2300 lunoni
1168 2236 1407 2321 obtemperaret:
1440 2258 1513 2319 ergo

498 2378 602 2440 reapse
626 2356 718 2419 timor
740 2355 852 2439 aliquis
876 2354 919 2419 ihi
944 2377 980 2419 eo
1003 2354 1096 2418 verbo
1119 2355 1311 2438 exprimitur.

542 2472 630 2553 Quae
654 2495 749 2557 quum
773 2474 818 2536 ita
840 2474 917 2550 siut,
943 2473 1001 2536 hoc
1025 2472 1154 2536 Pindari
1169 2472 1237 2535 loco
1253 2472 1418 2556 significari
1435 2471 1513 2535 arbi·

497 2598 561 2654 tror
596 2600 772 2675 perpetuam
812 2591 1050 2656 sollicitudiuem
1083 2590 1206 2656 Tantali
1237 2614 1272 2655 ac
1303 2602 1437 2667 metum,
1474 2614 1512 2653 ne

496 2732 602 2773 saxum
627 2708 707 2773 illud
730 2711 762 2773 in
787 2732 878 2773 suum
902 2718 996 2796 caput
1019 2719 1097 2774 ruat.

542 2827 643 2891 Etiam
666 2828 697 2891 in
721 2828 838 2891 scholio
863 2838 964 2892 vetere
988 2828 1062 2891 haec
1085 2826 1302 2911 interpretatio
1317 2828 1509 2910 agnoscitur,

495 2943 577 3028 quod
608 2951 654 3009 est
685 2944 881 3029 hujusmodi:
917 2953 1003 3011 τοῦτο
1036 2952 1169 3023 μενοινῶν
1201 2950 1250 3010 κοῶ
1274 2945 1356 3009 eard
1378 2948 1430 3019 rin
1454 2952 1511 3023 ψν·

495 3064 555 3143 χὴν
576 3062 670 3142 ἔχων,
694 3065 732 3134 ῶς
755 3065 899 3128 ἐπιπεσὼν
921 3062 935 3127 ὃ
954 3064 1029 3135 λίθος
1049 3064 1199 3143 teactae?
1215 3062 1320 3139 αὑτὸν,
1341 3069 1394 3134 τῆς
1410 3064 1512 3143 erimpe-

495 3180 579 3254 σίνος
595 3182 723 3263 οίλῖιτοιι,
744 3182 901 3261 προσδοκῶν
916 3181 964 3245 ἀεὶ
980 3183 1033 3255 τὴν
1052 3182 1189 3259 κεφαλὴν
1200 3182 1291 3244 τοῦτοῦ
1302 3179 1509 3256 βληθήσεσθαι.

496 3296 535 3360 ut
558 3306 659 3361 tamen
684 3300 715 3363 iu
740 3298 836 3362 altero
861 3299 958 3363 altera
980 3276 1196 3383 interpretatio
1220 3305 1283 3360 est:
1307 3294 1404 3360 ίν-τινοι
1427 3297 1510 3375 ε’πνο

493 3416 615 3493 maedam
637 3418 712 3480 λίθον
731 3418 873 3493 ἐπιθυμῶν
895 3416 957 3480 erre
979 3425 1032 3490 τῆς
1055 3417 1146 3480 αὑτοῦ
1165 3422 1304 3489 κεΦοιλῆς
1322 3416 1507 3479 crassata.

540 3532 693 3597 Homerus
724 3534 762 3598 de
796 3533 918 3598 Tantali
950 3556 1050 3619 poena
1079 3533 1168 3597 aliter
1189 3538 1424 3610 commemorat,
1448 3528 1509 3593 Od.

497 3650 543 3715 XI
570 3656 633 3715 582

604 3770 720 3835 ἑσταότ’
742 3772 772 3835 ἕν
794 3770 893 3851 λίμνῃ·
917 3773 935 3845 ἡ
956 3769 985 3834 δὲ
1009 3769 1195 3850 προσέπλαζε
1217 3770 1337 3848 γενείῳ,

605 3894 710 3952 στεῦτο
732 3888 762 3951 δὲ
783 3888 911 3971 διψάων,
937 3889 1025 3953 πιέειν
1047 3888 1072 3951 δ’
1094 3890 1146 3953 οὐκ
1167 3882 1250 3967 εἶχεν
1272 3886 1408 3961 tatem,

494 4014 525 4067 et
549 4014 703 4089 praeterea
722 4005 761 4070 de
778 4006 876 4091 pomis
893 4005 1053 4084 arborum,
1073 4026 1183 4069 manus
1198 4006 1265 4089 ejus
1281 4002 1508 4087 effugientibus.

493 4122 688 4207 Quamquam
724 4146 776 4187 eos
812 4146 915 4187 versus
951 4123 991 4187 ab
1026 4123 1204 4187 Aristarcho
1235 4122 1355 4207 spurios
1389 4122 1510 4186 habitos

493 4240 586 4303 fuisse
609 4239 781 4303 Scholiasta
804 4240 842 4303 ad
866 4240 951 4305 huno
967 4240 1093 4305 Pindari
1112 4241 1213 4305 locum
1229 4240 1316 4305 dicit.
1348 4240 1389 4304 Et
1405 4248 1507 4303 tamen

491 4358 613 4422 Tantali
634 4358 716 4435 sitis,
735 4360 896 4425 Τιινσοίλον
912 4360 1003 4441 dida,
1025 4381 1080 4445 pro
1093 4359 1253 4443 proverbio
1266 4359 1336 4423 fuit.
1361 4359 1507 4435 Alcman,

493 4476 625 4541 Alcaeus
649 4484 679 4541 et
703 4476 907 4541 Archilochus
931 4477 1022 4541 etiam
1047 4478 1180 4562 lapidem
1204 4477 1335 4542 Tantalo
1358 4478 1507 4562 superim-
