<?xml version="1.0" encoding="UTF-8"?>
<!DOCTYPE html PUBLIC "-//W3C//DTD XHTML 1.0 Transitional//EN"
    "http://www.w3.org/TR/xhtml1/DTD/xhtml1-transitional.dtd">
<html xmlns="http://www.w3.org/1999/xhtml" xml:lang="en" lang="en">
 <head>
  <title>
</title>
<meta http-equiv="Content-Type" content="text/html;charset=utf-8" />
  <meta name='ocr-system' content='tesseract 3.04.00' />
  <meta name='ocr-capabilities' content='ocr_page ocr_carea ocr_par ocr_line ocrx_word'/>
</head>
<body>
  <div class='ocr_page' id='page_1' title='image "./pindaricarminao01pindgoog_0402.png"; bbox 0 0 3725 5542; ppageno 0'>
   <div class='ocr_carea' id='block_1_1' title="bbox 974 741 1038 802">
    <p class='ocr_par' dir='ltr' id='par_1_1' title="bbox 974 741 1038 802">
     <span class='ocr_line' id='line_1_1' title="bbox 974 741 1038 802; baseline -0.016 0"><span class='ocrx_word' id='word_1_1' title='bbox 974 741 1038 802; x_wconf 82' lang='grc'><strong>388</strong></span> 
     </span>
    </p>
   </div>
   <div class='ocr_carea' id='block_1_2' title="bbox 488 937 1514 4650">
    <p class='ocr_par' dir='ltr' id='par_1_2' title="bbox 488 937 1514 4650">
     <span class='ocr_line' id='line_1_2' title="bbox 718 937 1297 1020; baseline 0 -15"><span class='ocrx_word' id='word_1_2' title='bbox 718 939 782 1005; x_wconf 74' lang='grc' dir='ltr'><strong>ἐπεὶ</strong></span> <span class='ocrx_word' id='word_1_3' title='bbox 805 937 994 1020; x_wconf 68' lang='grc' dir='ltr'><strong><em>σπλάγχνων</em></strong></span> <span class='ocrx_word' id='word_1_4' title='bbox 1016 937 1071 1004; x_wconf 68' lang='lat' dir='ltr'><strong>tro</strong></span> <span class='ocrx_word' id='word_1_5' title='bbox 1094 940 1219 1019; x_wconf 71' lang='grc' dir='ltr'><strong><em>ματέρος</em></strong></span> <span class='ocrx_word' id='word_1_6' title='bbox 1244 942 1297 1005; x_wconf 77' lang='lat' dir='ltr'><strong>ae-</strong></span> 
     </span>
     <span class='ocr_line' id='line_1_3' title="bbox 674 1054 1067 1133; baseline -0.005 -11"><span class='ocrx_word' id='word_1_7' title='bbox 674 1059 745 1122; x_wconf 73' lang='lat' dir='ltr'><strong>riae</strong></span> <span class='ocrx_word' id='word_1_8' title='bbox 766 1057 879 1130; x_wconf 74' lang='grc' dir='ltr'><strong><em>ύαοποὶν</em></strong></span> <span class='ocrx_word' id='word_1_9' title='bbox 901 1058 930 1129; x_wconf 70' lang='grc' dir='ltr'><strong>ἐς</strong></span> <span class='ocrx_word' id='word_1_10' title='bbox 953 1054 1067 1133; x_wconf 72' lang='lat' dir='ltr'><strong>atym</strong></span> 
     </span>
     <span class='ocr_line' id='line_1_4' title="bbox 673 1173 1224 1256; baseline 0.002 -17"><span class='ocrx_word' id='word_1_11' title='bbox 673 1181 747 1247; x_wconf 77' lang='grc' dir='ltr'><strong><em>παῖς</em></strong></span> <span class='ocrx_word' id='word_1_12' title='bbox 771 1175 840 1245; x_wconf 76' lang='grc' dir='ltr'><strong>Διὸς</strong></span> <span class='ocrx_word' id='word_1_13' title='bbox 862 1175 949 1239; x_wconf 78' lang='grc' dir='ltr'><strong><em>ύδῖνα</em></strong></span> <span class='ocrx_word' id='word_1_14' title='bbox 970 1173 1093 1256; x_wconf 80' lang='grc' dir='ltr'><strong><em>φεύγων</em></strong></span> <span class='ocrx_word' id='word_1_15' title='bbox 1116 1173 1224 1255; x_wconf 83' lang='grc' dir='ltr'><strong><em>διδύμῳ</em></strong></span> 
     </span>
     <span class='ocr_line' id='line_1_5' title="bbox 671 1289 1040 1372; baseline -0.003 -16"><span class='ocrx_word' id='word_1_16' title='bbox 671 1293 725 1356; x_wconf 77' lang='grc' dir='ltr'><strong><em>σὺν</em></strong></span> <span class='ocrx_word' id='word_1_17' title='bbox 747 1291 917 1372; x_wconf 62' lang='grc' dir='ltr'><strong><em>κασιγνήτῳ</em></strong></span> <span class='ocrx_word' id='word_1_18' title='bbox 939 1289 1040 1368; x_wconf 77' lang='grc' dir='ltr'><strong><em>μύλεν.</em></strong></span> 
     </span>
     <span class='ocr_line' id='line_1_6' title="bbox 493 1407 1512 1494; baseline 0.001 -22"><span class='ocrx_word' id='word_1_19' title='bbox 493 1409 535 1472; x_wconf 79' lang='lat' dir='ltr'><strong>Et</strong></span> <span class='ocrx_word' id='word_1_20' title='bbox 560 1408 610 1472; x_wconf 89' lang='lat' dir='ltr'><strong>his</strong></span> <span class='ocrx_word' id='word_1_21' title='bbox 633 1408 758 1492; x_wconf 90' lang='lat' dir='ltr'><strong>quidem</strong></span> <span class='ocrx_word' id='word_1_22' title='bbox 782 1408 906 1474; x_wconf 88' lang='lat' dir='ltr'><strong>duobus</strong></span> <span class='ocrx_word' id='word_1_23' title='bbox 928 1407 1056 1474; x_wconf 85' lang='lat' dir='ltr'><strong>Pindari</strong></span> <span class='ocrx_word' id='word_1_24' title='bbox 1078 1409 1154 1474; x_wconf 92' lang='lat' dir='ltr'><strong>locis</strong></span> <span class='ocrx_word' id='word_1_25' title='bbox 1177 1408 1241 1482; x_wconf 80' lang='grc' dir='ltr'><strong>ύδύς</strong></span> <span class='ocrx_word' id='word_1_26' title='bbox 1263 1409 1364 1494; x_wconf 89' lang='lat' dir='ltr'><strong>ipsum</strong></span> <span class='ocrx_word' id='word_1_27' title='bbox 1387 1417 1512 1474; x_wconf 83' lang='lat' dir='ltr'><strong>uterum</strong></span> 
     </span>
     <span class='ocr_line' id='line_1_7' title="bbox 493 1526 1514 1614; baseline 0.007 -25"><span class='ocrx_word' id='word_1_28' title='bbox 493 1527 663 1611; x_wconf 79' lang='lat' dir='ltr'><strong>significat,</strong></span> <span class='ocrx_word' id='word_1_29' title='bbox 696 1527 852 1612; x_wconf 90' lang='lat' dir='ltr'><strong>quomodo</strong></span> <span class='ocrx_word' id='word_1_30' title='bbox 883 1529 975 1594; x_wconf 89' lang='lat' dir='ltr'><strong>etiarn</strong></span> <span class='ocrx_word' id='word_1_31' title='bbox 1006 1527 1088 1614; x_wconf 89' lang='lat' dir='ltr'><strong>apud</strong></span> <span class='ocrx_word' id='word_1_32' title='bbox 1116 1527 1318 1613; x_wconf 77' lang='lat' dir='ltr'>Sophoclem,</span> <span class='ocrx_word' id='word_1_33' title='bbox 1343 1526 1420 1592; x_wconf 88' lang='lat' dir='ltr'><strong>Oed.</strong></span> <span class='ocrx_word' id='word_1_34' title='bbox 1445 1526 1514 1595; x_wconf 83' lang='lat'>001.</span> 
     </span>
     <span class='ocr_line' id='line_1_8' title="bbox 495 1642 1513 1731; baseline 0.005 -28"><span class='ocrx_word' id='word_1_35' title='bbox 495 1643 558 1704; x_wconf 77' lang='lat'><strong>533</strong></span> <span class='ocrx_word' id='word_1_36' title='bbox 589 1642 699 1716; x_wconf 75' lang='grc' dir='ltr'><strong><em>παῖδες</em></strong></span> <span class='ocrx_word' id='word_1_37' title='bbox 728 1646 840 1726; x_wconf 73' lang='grc' dir='ltr'><strong><em>ματρὸς</em></strong></span> <span class='ocrx_word' id='word_1_38' title='bbox 863 1649 959 1718; x_wconf 70' lang='grc' dir='ltr'><strong><em>κοινοῖς</em></strong></span> <span class='ocrx_word' id='word_1_39' title='bbox 981 1646 1177 1724; x_wconf 63' lang='lat' dir='ltr'><strong>dalilam-roa</strong></span> <span class='ocrx_word' id='word_1_40' title='bbox 1201 1646 1304 1718; x_wconf 81' lang='grc' dir='ltr'><strong><em>ύδῖνος.</em></strong></span> <span class='ocrx_word' id='word_1_41' title='bbox 1352 1645 1513 1731; x_wconf 81' lang='lat' dir='ltr'><strong>Adjeetivo</strong></span> 
     </span>
     <span class='ocr_line' id='line_1_9' title="bbox 493 1759 1512 1846; baseline 0.004 -24"><span class='ocrx_word' id='word_1_42' title='bbox 493 1759 601 1837; x_wconf 73' lang='grc' dir='ltr'><strong><em>ἐρατοῖς</em></strong></span> <span class='ocrx_word' id='word_1_43' title='bbox 636 1760 776 1825; x_wconf 79' lang='lat' dir='ltr'><strong>eximiam</strong></span> <span class='ocrx_word' id='word_1_44' title='bbox 811 1761 969 1846; x_wconf 86' lang='lat' dir='ltr'><strong>quandam</strong></span> <span class='ocrx_word' id='word_1_45' title='bbox 1001 1761 1143 1828; x_wconf 74' lang='lat' dir='ltr'><strong>Euadnes</strong></span> <span class='ocrx_word' id='word_1_46' title='bbox 1174 1761 1287 1828; x_wconf 81' lang='lat' dir='ltr'><strong>formae</strong></span> <span class='ocrx_word' id='word_1_47' title='bbox 1318 1769 1512 1828; x_wconf 73' lang='lat' dir='ltr'><strong>venustatem</strong></span> 
     </span>
     <span class='ocr_line' id='line_1_10' title="bbox 493 1877 1510 1964; baseline 0.007 -26"><span class='ocrx_word' id='word_1_48' title='bbox 493 1881 586 1958; x_wconf 83' lang='lat' dir='ltr'><strong>atque</strong></span> <span class='ocrx_word' id='word_1_49' title='bbox 617 1877 708 1941; x_wconf 89' lang='lat' dir='ltr'><strong>etiam</strong></span> <span class='ocrx_word' id='word_1_50' title='bbox 740 1879 772 1942; x_wconf 94' lang='lat' dir='ltr'><strong>in</strong></span> <span class='ocrx_word' id='word_1_51' title='bbox 804 1901 906 1944; x_wconf 91' lang='lat' dir='ltr'><strong>amore</strong></span> <span class='ocrx_word' id='word_1_52' title='bbox 939 1878 1070 1944; x_wconf 78' lang='lat' dir='ltr'><strong>fruendo</strong></span> <span class='ocrx_word' id='word_1_53' title='bbox 1101 1879 1321 1944; x_wconf 75' lang='lat' dir='ltr'><strong>amabilitatem</strong></span> <span class='ocrx_word' id='word_1_54' title='bbox 1344 1880 1510 1964; x_wconf 78' lang='lat' dir='ltr'><strong>significari</strong></span> 
     </span>
     <span class='ocr_line' id='line_1_11' title="bbox 494 1994 1508 2080; baseline 0.006 -24"><span class='ocrx_word' id='word_1_55' title='bbox 494 1994 652 2058; x_wconf 81' lang='lat' dir='ltr'><strong>existimo:</strong></span> <span class='ocrx_word' id='word_1_56' title='bbox 685 1995 839 2080; x_wconf 86' lang='lat' dir='ltr'><strong>quomodo</strong></span> <span class='ocrx_word' id='word_1_57' title='bbox 862 1997 895 2061; x_wconf 93' lang='lat' dir='ltr'><strong>in</strong></span> <span class='ocrx_word' id='word_1_58' title='bbox 918 1996 977 2061; x_wconf 87' lang='lat' dir='ltr'><strong>hac</strong></span> <span class='ocrx_word' id='word_1_59' title='bbox 999 2005 1065 2062; x_wconf 86' lang='lat' dir='ltr'><strong>tota</strong></span> <span class='ocrx_word' id='word_1_60' title='bbox 1086 1998 1261 2062; x_wconf 73' lang='lat' dir='ltr'><strong>narratione</strong></span> <span class='ocrx_word' id='word_1_61' title='bbox 1283 1997 1356 2062; x_wconf 89' lang='lat' dir='ltr'><strong>inde</strong></span> <span class='ocrx_word' id='word_1_62' title='bbox 1379 2019 1398 2062; x_wconf 91' lang='lat' dir='ltr'><strong>a</strong></span> <span class='ocrx_word' id='word_1_63' title='bbox 1419 2019 1508 2062; x_wconf 85' lang='lat' dir='ltr'><strong>versu</strong></span> 
     </span>
     <span class='ocr_line' id='line_1_12' title="bbox 494 2111 1509 2200; baseline 0.004 -26"><span class='ocrx_word' id='word_1_64' title='bbox 494 2113 536 2174; x_wconf 74' lang='lat'><strong>60</strong></span> <span class='ocrx_word' id='word_1_65' title='bbox 568 2111 732 2191; x_wconf 68' lang='lat' dir='ltr'><strong>singularis</strong></span> <span class='ocrx_word' id='word_1_66' title='bbox 764 2114 947 2198; x_wconf 79' lang='lat' dir='ltr'><strong>exprimitur</strong></span> <span class='ocrx_word' id='word_1_67' title='bbox 976 2115 1084 2198; x_wconf 78' lang='lat' dir='ltr'><strong>gratia</strong></span> <span class='ocrx_word' id='word_1_68' title='bbox 1121 2113 1215 2200; x_wconf 84' lang='lat' dir='ltr'><strong>Apud</strong></span> <span class='ocrx_word' id='word_1_69' title='bbox 1246 2113 1354 2199; x_wconf 82' lang='lat' dir='ltr'><strong>Eurip.</strong></span> <span class='ocrx_word' id='word_1_70' title='bbox 1378 2113 1449 2200; x_wconf 92' lang='lat' dir='ltr'><strong>Iph.</strong></span> <span class='ocrx_word' id='word_1_71' title='bbox 1472 2113 1509 2179; x_wconf 80' lang='grc' dir='ltr'><strong>Τ.</strong></span> 
     </span>
     <span class='ocr_line' id='line_1_13' title="bbox 496 2229 1509 2316; baseline 0.003 -23"><span class='ocrx_word' id='word_1_72' title='bbox 496 2230 582 2294; x_wconf 81' lang='grc'><strong>1071</strong></span> <span class='ocrx_word' id='word_1_73' title='bbox 605 2235 725 2302; x_wconf 78' lang='grc' dir='ltr'><strong><em>Λατοῦς</em></strong></span> <span class='ocrx_word' id='word_1_74' title='bbox 747 2229 834 2296; x_wconf 78' lang='grc' dir='ltr'><strong><em>ὠδῖνα</em></strong></span> <span class='ocrx_word' id='word_1_75' title='bbox 854 2232 951 2314; x_wconf 71' lang='grc' dir='ltr'><strong><em>φίλαν</em></strong></span> <span class='ocrx_word' id='word_1_76' title='bbox 976 2231 1036 2295; x_wconf 90' lang='lat' dir='ltr'><strong>alio</strong></span> <span class='ocrx_word' id='word_1_77' title='bbox 1060 2230 1195 2316; x_wconf 89' lang='lat' dir='ltr'><strong>quodam</strong></span> <span class='ocrx_word' id='word_1_78' title='bbox 1209 2230 1302 2296; x_wconf 88' lang='lat' dir='ltr'><strong>modo</strong></span> <span class='ocrx_word' id='word_1_79' title='bbox 1317 2231 1436 2296; x_wconf 85' lang='lat' dir='ltr'><strong>dictum</strong></span> <span class='ocrx_word' id='word_1_80' title='bbox 1452 2240 1509 2297; x_wconf 77' lang='lat' dir='ltr'><strong>ast.</strong></span> 
     </span>
     <span class='ocr_line' id='line_1_14' title="bbox 540 2346 1509 2434; baseline 0.004 -24"><span class='ocrx_word' id='word_1_81' title='bbox 540 2348 593 2410; x_wconf 79' lang='lat'><strong>⁷5.</strong></span> <span class='ocrx_word' id='word_1_82' title='bbox 627 2346 788 2427; x_wconf 72' lang='grc' dir='ltr'><strong>κνιζομένα.</strong></span> <span class='ocrx_word' id='word_1_83' title='bbox 822 2347 917 2413; x_wconf 83' lang='lat' dir='ltr'><strong>Recte</strong></span> <span class='ocrx_word' id='word_1_84' title='bbox 952 2348 1118 2413; x_wconf 79' lang='lat' dir='ltr'><strong>scholiasta</strong></span> <span class='ocrx_word' id='word_1_85' title='bbox 1151 2349 1227 2426; x_wconf 92' lang='lat' dir='ltr'><strong>hoc,</strong></span> <span class='ocrx_word' id='word_1_86' title='bbox 1260 2349 1287 2413; x_wconf 89' lang='lat' dir='ltr'><strong>si</strong></span> <span class='ocrx_word' id='word_1_87' title='bbox 1317 2348 1356 2413; x_wconf 89' lang='lat' dir='ltr'><strong>ad</strong></span> <span class='ocrx_word' id='word_1_88' title='bbox 1387 2357 1509 2434; x_wconf 86' lang='lat' dir='ltr'><strong>partum</strong></span> 
     </span>
     <span class='ocr_line' id='line_1_15' title="bbox 493 2464 1513 2550; baseline 0.005 -25"><span class='ocrx_word' id='word_1_89' title='bbox 493 2469 629 2546; x_wconf 85' lang='lat' dir='ltr'><strong>spectat,</strong></span> <span class='ocrx_word' id='word_1_90' title='bbox 657 2465 845 2529; x_wconf 89' lang='lat' dir='ltr'><strong>contrarium</strong></span> <span class='ocrx_word' id='word_1_91' title='bbox 868 2465 966 2530; x_wconf 82' lang='lat' dir='ltr'><strong>videri</strong></span> <span class='ocrx_word' id='word_1_92' title='bbox 989 2464 1065 2529; x_wconf 87' lang='lat' dir='ltr'><strong>dicit</strong></span> <span class='ocrx_word' id='word_1_93' title='bbox 1088 2465 1236 2531; x_wconf 87' lang='lat' dir='ltr'><strong>benevolo</strong></span> <span class='ocrx_word' id='word_1_94' title='bbox 1259 2464 1404 2550; x_wconf 82' lang='lat' dir='ltr'><strong>Ilithyiae</strong></span> <span class='ocrx_word' id='word_1_95' title='bbox 1427 2465 1513 2530; x_wconf 87' lang='lat' dir='ltr'><strong>anxi·</strong></span> 
     </span>
     <span class='ocr_line' id='line_1_16' title="bbox 491 2577 1511 2668; baseline 0.004 -26"><span class='ocrx_word' id='word_1_96' title='bbox 491 2577 550 2656; x_wconf 85' lang='lat' dir='ltr'><strong>lio,</strong></span> <span class='ocrx_word' id='word_1_97' title='bbox 572 2580 635 2644; x_wconf 87' lang='lat' dir='ltr'><strong>nisi</strong></span> <span class='ocrx_word' id='word_1_98' title='bbox 658 2578 736 2644; x_wconf 81' lang='lat' dir='ltr'><strong>forte</strong></span> <span class='ocrx_word' id='word_1_99' title='bbox 758 2583 876 2659; x_wconf 71' lang='grc' dir='ltr'><strong><em>κνισμὸν</em></strong></span> <span class='ocrx_word' id='word_1_100' title='bbox 898 2583 996 2648; x_wconf 86' lang='lat' dir='ltr'><strong>levem</strong></span> <span class='ocrx_word' id='word_1_101' title='bbox 1020 2581 1135 2647; x_wconf 87' lang='lat' dir='ltr'><strong>doloris</strong></span> <span class='ocrx_word' id='word_1_102' title='bbox 1154 2604 1279 2648; x_wconf 86' lang='lat' dir='ltr'><strong>sensnm</strong></span> <span class='ocrx_word' id='word_1_103' title='bbox 1293 2581 1392 2646; x_wconf 90' lang='lat' dir='ltr'><strong>Poeta</strong></span> <span class='ocrx_word' id='word_1_104' title='bbox 1406 2581 1511 2668; x_wconf 90' lang='lat' dir='ltr'><strong>appel·</strong></span> 
     </span>
     <span class='ocr_line' id='line_1_17' title="bbox 492 2696 1506 2784; baseline 0.004 -24"><span class='ocrx_word' id='word_1_105' title='bbox 492 2696 616 2762; x_wconf 82' lang='lat' dir='ltr'><strong>laverit:</strong></span> <span class='ocrx_word' id='word_1_106' title='bbox 648 2697 703 2762; x_wconf 84' lang='lat' dir='ltr'><strong>sed</strong></span> <span class='ocrx_word' id='word_1_107' title='bbox 733 2719 823 2784; x_wconf 90' lang='lat' dir='ltr'><strong>posse</strong></span> <span class='ocrx_word' id='word_1_108' title='bbox 854 2699 1021 2784; x_wconf 82' lang='lat' dir='ltr'><strong>significari</strong></span> <span class='ocrx_word' id='word_1_109' title='bbox 1051 2700 1189 2766; x_wconf 86' lang='lat' dir='ltr'><strong>dolorem</strong></span> <span class='ocrx_word' id='word_1_110' title='bbox 1218 2700 1275 2765; x_wconf 87' lang='lat' dir='ltr'><strong>filii</strong></span> <span class='ocrx_word' id='word_1_111' title='bbox 1301 2698 1506 2784; x_wconf 85' lang='lat' dir='ltr'><strong>relinquendi.</strong></span> 
     </span>
     <span class='ocr_line' id='line_1_18' title="bbox 491 2812 989 2883; baseline 0.012 -6"><span class='ocrx_word' id='word_1_112' title='bbox 491 2812 649 2880; x_wconf 73' lang='lat' dir='ltr'><strong>Posterius</strong></span> <span class='ocrx_word' id='word_1_113' title='bbox 670 2837 777 2881; x_wconf 82' lang='lat' dir='ltr'><strong>verum</strong></span> <span class='ocrx_word' id='word_1_114' title='bbox 800 2839 865 2883; x_wconf 87' lang='lat' dir='ltr'><strong>esse</strong></span> <span class='ocrx_word' id='word_1_115' title='bbox 887 2818 989 2883; x_wconf 84' lang='lat' dir='ltr'><strong>oredo.</strong></span> 
     </span>
     <span class='ocr_line' id='line_1_19' title="bbox 537 2931 1504 3018; baseline 0.001 -22"><span class='ocrx_word' id='word_1_116' title='bbox 537 2933 590 2996; x_wconf 76' lang='lat'><strong>76.</strong></span> <span class='ocrx_word' id='word_1_117' title='bbox 624 2931 673 2996; x_wconf 88' lang='grc' dir='ltr'><strong>δύο</strong></span> <span class='ocrx_word' id='word_1_118' title='bbox 694 2931 724 2997; x_wconf 72' lang='grc' dir='ltr'><strong>δὲ</strong></span> <span class='ocrx_word' id='word_1_119' title='bbox 745 2941 934 3010; x_wconf 69' lang='grc' dir='ltr'><strong>γλαυκῶπες.</strong></span> <span class='ocrx_word' id='word_1_120' title='bbox 968 2934 1118 3000; x_wconf 80' lang='lat' dir='ltr'><strong>Similiter</strong></span> <span class='ocrx_word' id='word_1_121' title='bbox 1140 2935 1178 3000; x_wconf 84' lang='lat' dir='ltr'><strong>de</strong></span> <span class='ocrx_word' id='word_1_122' title='bbox 1201 2933 1406 3000; x_wconf 75' lang='lat' dir='ltr'><strong>Erichthonio</strong></span> <span class='ocrx_word' id='word_1_123' title='bbox 1421 2932 1504 3018; x_wconf 86' lang='lat' dir='ltr'><strong>apud</strong></span> 
     </span>
     <span class='ocr_line' id='line_1_20' title="bbox 491 3044 762 3132; baseline 0.018 -24"><span class='ocrx_word' id='word_1_124' title='bbox 491 3044 600 3132; x_wconf 74' lang='lat' dir='ltr'><strong>Eurip.</strong></span> <span class='ocrx_word' id='word_1_125' title='bbox 622 3045 694 3114; x_wconf 84' lang='lat' dir='ltr'><strong>Jon.</strong></span> <span class='ocrx_word' id='word_1_126' title='bbox 719 3051 762 3113; x_wconf 77' lang='lat'><strong>21</strong></span> 
     </span>
     <span class='ocr_line' id='line_1_21' title="bbox 759 3167 1144 3248; baseline 0.003 -1"><span class='ocrx_word' id='word_1_127' title='bbox 759 3167 840 3248; x_wconf 69' lang='grc' dir='ltr'><strong>κύον</strong></span> <span class='ocrx_word' id='word_1_128' title='bbox 860 3168 921 3247; x_wconf 69' lang='grc' dir='ltr'><strong><em>κᾶν</em></strong></span> <span class='ocrx_word' id='word_1_129' title='bbox 945 3171 962 3244; x_wconf 75' lang='grc' dir='ltr'><strong><em>ἡ</em></strong></span> <span class='ocrx_word' id='word_1_130' title='bbox 985 3169 1054 3242; x_wconf 69' lang='grc' dir='ltr'><strong>Διὸς</strong></span> <span class='ocrx_word' id='word_1_131' title='bbox 1078 3169 1144 3248; x_wconf 72' lang='grc' dir='ltr'><strong><em>κόνι</em></strong></span> 
     </span>
     <span class='ocr_line' id='line_1_22' title="bbox 668 3280 1317 3364; baseline 0 -18"><span class='ocrx_word' id='word_1_132' title='bbox 668 3283 780 3362; x_wconf 79' lang='grc' dir='ltr'><strong><em>Φροορύι</em></strong></span> <span class='ocrx_word' id='word_1_133' title='bbox 800 3280 1017 3363; x_wconf 73' lang='grc' dir='ltr'><strong><em>παραζεύξασα</em></strong></span> <span class='ocrx_word' id='word_1_134' title='bbox 1038 3283 1158 3364; x_wconf 81' lang='grc' dir='ltr'><strong><em>φύλακε</em></strong></span> <span class='ocrx_word' id='word_1_135' title='bbox 1180 3282 1317 3360; x_wconf 74' lang='grc' dir='ltr'><strong><em>σώματος</em></strong></span> 
     </span>
     <span class='ocr_line' id='line_1_23' title="bbox 671 3397 1283 3479; baseline 0 -17"><span class='ocrx_word' id='word_1_136' title='bbox 671 3397 757 3462; x_wconf 78' lang='grc' dir='ltr'><strong><em>διοοιδ</em></strong></span> <span class='ocrx_word' id='word_1_137' title='bbox 779 3397 915 3478; x_wconf 71' lang='grc' dir='ltr'><strong><em>δράκοντε</em></strong></span> <span class='ocrx_word' id='word_1_138' title='bbox 938 3397 1083 3479; x_wconf 71' lang='grc' dir='ltr'><strong>παρθένοις</strong></span> <span class='ocrx_word' id='word_1_139' title='bbox 1106 3397 1283 3479; x_wconf 62' lang='lat' dir='ltr'><strong>&#39;anmatos</strong></span> 
     </span>
     <span class='ocr_line' id='line_1_24' title="bbox 669 3512 892 3596; baseline 0.018 -19"><span class='ocrx_word' id='word_1_140' title='bbox 669 3512 763 3578; x_wconf 77' lang='grc' dir='ltr'><strong><em>δύδιοοι</em></strong></span> <span class='ocrx_word' id='word_1_141' title='bbox 785 3514 892 3596; x_wconf 81' lang='grc' dir='ltr'><strong><em>ούζειν.</em></strong></span> 
     </span>
     <span class='ocr_line' id='line_1_25' title="bbox 491 3626 1507 3717; baseline -0.002 -24"><span class='ocrx_word' id='word_1_142' title='bbox 491 3627 648 3694; x_wconf 84' lang='lat' dir='ltr'><strong>Dracones</strong></span> <span class='ocrx_word' id='word_1_143' title='bbox 670 3629 709 3694; x_wconf 85' lang='lat' dir='ltr'><strong>ad</strong></span> <span class='ocrx_word' id='word_1_144' title='bbox 733 3632 915 3697; x_wconf 81' lang='lat' dir='ltr'><strong>vaticinium</strong></span> <span class='ocrx_word' id='word_1_145' title='bbox 938 3631 1057 3717; x_wconf 85' lang='lat' dir='ltr'><strong>aliquid</strong></span> <span class='ocrx_word' id='word_1_146' title='bbox 1081 3631 1215 3696; x_wconf 80' lang='lat' dir='ltr'><strong>effecisse</strong></span> <span class='ocrx_word' id='word_1_147' title='bbox 1237 3635 1406 3716; x_wconf 88' lang='lat' dir='ltr'><strong>putantur:</strong></span> <span class='ocrx_word' id='word_1_148' title='bbox 1420 3626 1507 3692; x_wconf 88' lang='lat' dir='ltr'><strong>scho-</strong></span> 
     </span>
     <span class='ocr_line' id='line_1_26' title="bbox 489 3745 1504 3834; baseline -0.001 -23"><span class='ocrx_word' id='word_1_149' title='bbox 489 3747 580 3811; x_wconf 88' lang='lat' dir='ltr'><strong>liasta</strong></span> <span class='ocrx_word' id='word_1_150' title='bbox 610 3747 650 3812; x_wconf 87' lang='lat' dir='ltr'><strong>ad</strong></span> <span class='ocrx_word' id='word_1_151' title='bbox 679 3747 735 3832; x_wconf 80' lang='lat' dir='ltr'><strong>Py.</strong></span> <span class='ocrx_word' id='word_1_152' title='bbox 758 3747 843 3813; x_wconf 79' lang='lat' dir='ltr'><strong>vm</strong></span> <span class='ocrx_word' id='word_1_153' title='bbox 866 3751 909 3814; x_wconf 77' lang='lat'><strong>64</strong></span> <span class='ocrx_word' id='word_1_154' title='bbox 933 3749 1150 3815; x_wconf 78' lang='lat' dir='ltr'><strong>Alcmaeonem</strong></span> <span class='ocrx_word' id='word_1_155' title='bbox 1173 3750 1207 3814; x_wconf 91' lang='lat' dir='ltr'><strong>in</strong></span> <span class='ocrx_word' id='word_1_156' title='bbox 1229 3749 1337 3834; x_wconf 79' lang='lat' dir='ltr'><strong>clypeo</strong></span> <span class='ocrx_word' id='word_1_157' title='bbox 1359 3745 1504 3811; x_wconf 88' lang='lat' dir='ltr'><strong>habuisse</strong></span> 
     </span>
     <span class='ocr_line' id='line_1_27' title="bbox 488 3863 1504 3950; baseline 0 -22"><span class='ocrx_word' id='word_1_158' title='bbox 488 3865 612 3949; x_wconf 83' lang='lat' dir='ltr'><strong>signum</strong></span> <span class='ocrx_word' id='word_1_159' title='bbox 641 3863 783 3930; x_wconf 83' lang='lat' dir='ltr'><strong>draconis</strong></span> <span class='ocrx_word' id='word_1_160' title='bbox 813 3864 921 3944; x_wconf 84' lang='lat' dir='ltr'><strong>(locet,</strong></span> <span class='ocrx_word' id='word_1_161' title='bbox 952 3875 990 3932; x_wconf 94' lang='lat' dir='ltr'><strong>ut</strong></span> <span class='ocrx_word' id='word_1_162' title='bbox 1019 3873 1154 3931; x_wconf 84' lang='lat' dir='ltr'><strong>servaret</strong></span> <span class='ocrx_word' id='word_1_163' title='bbox 1177 3865 1301 3950; x_wconf 81' lang='lat' dir='ltr'><strong>signum</strong></span> <span class='ocrx_word' id='word_1_164' title='bbox 1323 3865 1389 3950; x_wconf 90' lang='lat' dir='ltr'><strong>ejus</strong></span> <span class='ocrx_word' id='word_1_165' title='bbox 1412 3863 1504 3940; x_wconf 86' lang='lat' dir='ltr'><strong>artis,</strong></span> 
     </span>
     <span class='ocr_line' id='line_1_28' title="bbox 489 3965 1507 4070; baseline 0.001 -25"><span class='ocrx_word' id='word_1_166' title='bbox 489 4004 551 4066; x_wconf 90' lang='lat' dir='ltr'><strong>qua</strong></span> <span class='ocrx_word' id='word_1_167' title='bbox 579 3991 666 4068; x_wconf 86' lang='lat' dir='ltr'><strong>pater</strong></span> <span class='ocrx_word' id='word_1_168' title='bbox 687 3984 786 4068; x_wconf 83' lang='lat' dir='ltr'><strong>ipsius</strong></span> <span class='ocrx_word' id='word_1_169' title='bbox 809 3984 1016 4069; x_wconf 75' lang='lat' dir='ltr'><strong>Amphiaraus</strong></span> <span class='ocrx_word' id='word_1_170' title='bbox 1039 3984 1252 4070; x_wconf 88' lang='lat' dir='ltr'><strong>praestitisset.</strong></span> <span class='ocrx_word' id='word_1_171' title='bbox 1299 3965 1426 4046; x_wconf 40' lang='lat' dir='ltr'><strong>Eodem·</strong></span> <span class='ocrx_word' id='word_1_172' title='bbox 1440 4001 1507 4064; x_wconf 80' lang='lat' dir='ltr'><strong>pcr-</strong></span> 
     </span>
     <span class='ocr_line' id='line_1_29' title="bbox 488 4097 1504 4185; baseline -0.002 -23"><span class='ocrx_word' id='word_1_173' title='bbox 488 4099 587 4163; x_wconf 85' lang='lat' dir='ltr'><strong>tinere</strong></span> <span class='ocrx_word' id='word_1_174' title='bbox 608 4099 739 4164; x_wconf 85' lang='lat' dir='ltr'><strong>credunt</strong></span> <span class='ocrx_word' id='word_1_175' title='bbox 761 4100 839 4165; x_wconf 85' lang='lat' dir='ltr'><strong>mel:</strong></span> <span class='ocrx_word' id='word_1_176' title='bbox 862 4100 896 4165; x_wconf 92' lang='lat' dir='ltr'><strong>in</strong></span> <span class='ocrx_word' id='word_1_177' title='bbox 919 4099 1045 4185; x_wconf 85' lang='lat' dir='ltr'><strong>Hymno</strong></span> <span class='ocrx_word' id='word_1_178' title='bbox 1070 4098 1235 4165; x_wconf 87' lang='lat' dir='ltr'><strong>Homerico</strong></span> <span class='ocrx_word' id='word_1_179' title='bbox 1257 4099 1290 4163; x_wconf 94' lang='lat' dir='ltr'><strong>in</strong></span> <span class='ocrx_word' id='word_1_180' title='bbox 1313 4097 1504 4162; x_wconf 82' lang='lat' dir='ltr'><strong>Mercurium</strong></span> 
     </span>
     <span class='ocr_line' id='line_1_30' title="bbox 490 4215 1336 4301; baseline 0.002 -24"><span class='ocrx_word' id='word_1_181' title='bbox 490 4217 554 4278; x_wconf 73' lang='lat'><strong>552</strong></span> <span class='ocrx_word' id='word_1_182' title='bbox 578 4223 678 4280; x_wconf 88' lang='lat' dir='ltr'><strong>certae</strong></span> <span class='ocrx_word' id='word_1_183' title='bbox 700 4217 851 4300; x_wconf 82' lang='lat' dir='ltr'><strong>quaedam</strong></span> <span class='ocrx_word' id='word_1_184' title='bbox 873 4215 987 4282; x_wconf 86' lang='lat' dir='ltr'><strong>Parcae</strong></span> <span class='ocrx_word' id='word_1_185' title='bbox 1009 4223 1235 4294; x_wconf 88' lang='lat' dir='ltr'><strong>memorantur,</strong></span> <span class='ocrx_word' id='word_1_186' title='bbox 1258 4235 1336 4301; x_wconf 87' lang='lat' dir='ltr'><strong>quae</strong></span> 
     </span>
     <span class='ocr_line' id='line_1_31' title="bbox 622 4333 904 4414; baseline 0.007 -16"><span class='ocrx_word' id='word_1_187' title='bbox 622 4334 707 4414; x_wconf 74' lang='grc' dir='ltr'><strong><em>κηρία</em></strong></span> <span class='ocrx_word' id='word_1_188' title='bbox 727 4333 904 4412; x_wconf 75' lang='grc' dir='ltr'><strong><em>βόσκοντα·</em></strong></span> 
     </span>
     <span class='ocr_line' id='line_1_32' title="bbox 624 4449 1359 4532; baseline -0.001 -17"><span class='ocrx_word' id='word_1_189' title='bbox 624 4451 656 4515; x_wconf 74' lang='grc' dir='ltr'><strong>αἱ</strong></span> <span class='ocrx_word' id='word_1_190' title='bbox 678 4450 706 4516; x_wconf 78' lang='grc' dir='ltr'><strong>δ’</strong></span> <span class='ocrx_word' id='word_1_191' title='bbox 726 4449 775 4517; x_wconf 69' lang='grc' dir='ltr'><strong>διε</strong></span> <span class='ocrx_word' id='word_1_192' title='bbox 797 4451 831 4526; x_wconf 68' lang='grc' dir='ltr'><strong>δύο</strong></span> <span class='ocrx_word' id='word_1_193' title='bbox 852 4451 964 4518; x_wconf 75' lang='grc' dir='ltr'><strong><em>ύνΐοισιν</em></strong></span> <span class='ocrx_word' id='word_1_194' title='bbox 988 4452 1112 4526; x_wconf 73' lang='grc' dir='ltr'><strong><em>ἐδηδυῖαι</em></strong></span> <span class='ocrx_word' id='word_1_195' title='bbox 1135 4451 1204 4530; x_wconf 79' lang='grc' dir='ltr'><strong>μέλι</strong></span> <span class='ocrx_word' id='word_1_196' title='bbox 1227 4450 1359 4532; x_wconf 62' lang='grc' dir='ltr'><strong><em>χλαρὸν,</em></strong></span> 
     </span>
     <span class='ocr_line' id='line_1_33' title="bbox 622 4567 1299 4650; baseline 0 -18"><span class='ocrx_word' id='word_1_197' title='bbox 622 4569 799 4650; x_wconf 64' lang='grc' dir='ltr'><strong><em>προφρονέως</em></strong></span> <span class='ocrx_word' id='word_1_198' title='bbox 820 4569 963 4636; x_wconf 68' lang='lat' dir='ltr'><strong>umora</strong></span> <span class='ocrx_word' id='word_1_199' title='bbox 984 4569 1119 4646; x_wconf 71' lang='grc' dir='ltr'><strong><em>ἀληθείην</em></strong></span> <span class='ocrx_word' id='word_1_200' title='bbox 1140 4567 1299 4647; x_wconf 69' lang='grc' dir='ltr'><strong><em>ἀγορεύειν.</em></strong></span> 
     </span>
    </p>
   </div>
   <div class='ocr_carea' id='block_1_3' title="bbox 0 0 1868 5542">
    <p class='ocr_par' dir='ltr' id='par_1_3' title="bbox 0 0 1868 5542">
     <span class='ocr_line' id='line_1_34' title="bbox 0 0 1868 5542; baseline 0 3"><span class='ocrx_word' id='word_1_201' title='bbox 0 0 1868 5542; x_wconf 95' lang='lat' dir='ltr'><strong> </strong></span> 
     </span>
    </p>
   </div>
  </div>
 </body>
</html>
