3725 5542
954 736 1018 796 230

475 939 600 1024 quidem
632 937 772 1022 Clymeni
804 935 902 999 filium
934 935 1140 999 Lemniadum
1164 934 1328 999 mulierum
1352 934 1492 999 liberarit

477 1057 659 1143 opprobriis.
707 1055 747 1117 Et
782 1055 906 1119 alreneis
942 1054 1040 1117 victor
1074 1076 1167 1117 eursu
1202 1055 1234 1117 in
1270 1054 1379 1131 armis,
1416 1052 1496 1116 dixit-

479 1175 687 1261 Hypsipylae,
720 1196 815 1258 quum
848 1172 887 1236 ad
918 1194 1062 1237 eoronam
1091 1173 1224 1237 veniret:
1250 1171 1322 1235 talis
1346 1194 1402 1256 ego
1426 1194 1494 1235 sum

479 1295 650 1359 celeritate:
676 1316 786 1357 manus
809 1300 840 1357 et
864 1300 973 1377 pactus
997 1300 1071 1356 suut
1093 1291 1216 1357 similia.
1262 1292 1450 1393 Gignuntur·
1464 1300 1497 1354 at

480 1412 725 1477 adolescentibus
748 1412 782 1475 in
805 1412 879 1475 viris
902 1412 971 1475 cani
995 1434 1084 1495 saepe
1107 1419 1138 1474 et
1159 1418 1279 1494 praeter
1296 1410 1407 1473 aetatis
1423 1419 1497 1473 tem·

480 1556 538 1618 pus
562 1532 756 1597 conveniens.

863 2000 1060 2065 OLYMPIA
1085 2000 1124 2064 V.

844 2256 945 2300 mauu
967 2256 1128 2300 assumor.

935 2475 1049 2537 Rada.

523 2711 710 2776 Sublimium
733 2710 861 2775 laudum
885 2720 915 2774 et
943 2732 1123 2775 coronarum
1150 2710 1241 2775 dulce
1268 2710 1361 2775 decus
1392 2710 1498 2795 Olym·

481 2832 638 2917 picarum,
663 2829 779 2893 Oceani
802 2828 882 2907 filia,
907 2828 1000 2892 corde
1023 2829 1115 2893 hilari
1138 2828 1370 2915 indefessaeque
1386 2829 1498 2894 rhedae

482 2951 585 3035 accipe
617 2947 854 3032 Psaumidiaque
887 2948 985 3013 doua:
1018 2948 1073 3033 qui
1104 2957 1189 3011 tuam
1218 2947 1327 3013 urbem
1350 2950 1498 3028 eveliens,

407 3074 444 3134 lo
483 3068 662 3146 Camarina,
696 3067 848 3131 nutricem
880 3066 995 3130 civium
1026 3066 1075 3131 bis
1105 3089 1194 3130 serras
1226 3088 1292 3131 aras
1324 3069 1446 3131 ornavit
1467 3068 1500 3132 in

481 3189 567 3252 lestis
592 3188 729 3251 Deorum
753 3185 899 3262 summis,
926 3186 960 3249 in
983 3185 1156 3250 hostiarum
1180 3186 1446 3252 immolationibus
1469 3194 1500 3249 et

484 3307 688 3393 praemiorum
721 3328 775 3390 per
807 3306 946 3390 quinque
977 3305 1042 3370 dies
1070 3307 1146 3370 actis
1169 3307 1404 3384 certaminibus,
1428 3328 1503 3391 qua·

484 3426 598 3511 drigis,
631 3426 724 3491 mulis
756 3434 787 3490 et
818 3425 1027 3510 singularibus
1058 3426 1163 3509 aquis:
1195 3426 1253 3490 tibi
1285 3448 1357 3490 vero
1379 3426 1501 3490 dulcem

485 3547 615 3631 gloriam
644 3548 742 3610 victor
768 3546 900 3622 dicavit,
928 3567 1081 3629 suumque
1109 3553 1227 3629 patrem
1251 3548 1402 3610 Aaronem
1426 3568 1504 3610 uuu-

408 3668 448 3728 20
486 3664 579 3728 eiavit
609 3671 640 3727 et
672 3685 775 3727 recens
807 3662 963 3727 conditam
991 3662 1103 3727 sedem
1140 3662 1276 3727 Veniens
1299 3662 1450 3727 Oenomai
1473 3674 1504 3728 et

485 3783 609 3867 Pelopis
633 3783 769 3847 amoenis
793 3782 831 3846 ab
856 3782 954 3860 aulis,
979 3804 997 3845 0
1021 3804 1143 3867 praeses
1167 3782 1269 3845 Pallas
1291 3782 1396 3860 urbis,
1421 3782 1505 3847 canit

488 3924 608 3965 sacrum
632 3910 721 3964 tuum
744 3900 850 3964 lucum
875 3900 1064 3985 fluviumque
1087 3899 1210 3964 Oanum
1233 3910 1266 3964 et
1289 3900 1433 3985 paludem
1455 3901 1507 3964 do

486 4020 663 4095 masticem,
696 4027 726 4082 et
756 4020 838 4083 nvos
871 4028 1035 4105 augustos,
1068 4020 1155 4104 queis
1183 4018 1332 4105 Hipparis
1356 4020 1506 4105 populum

409 4141 450 4202 30
487 4138 612 4223 irrigat,
644 4138 813 4223 pangitque
837 4139 993 4203 firmarum
1017 4138 1165 4203 domuum
1188 4138 1328 4203 celeriter
1348 4160 1504 4223 proceram

488 4258 623 4341 sylvam,
658 4281 674 4321 e
705 4256 886 4321 difficultate
918 4258 1036 4323 ducens
1066 4260 1097 4321 in
1123 4258 1221 4322 lucem
1246 4256 1330 4321 bunc
1352 4256 1504 4342 populum

491 4376 614 4440 civium.
661 4376 787 4461 Semper
817 4374 856 4439 da
886 4375 1033 4440 laudibus
1065 4377 1151 4441 labor
1181 4386 1363 4461 sumtusque
1388 4384 1506 4462 pugnat

491 4494 636 4559 adversus
660 4516 737 4579 opus
758 4495 896 4579 periculo
916 4494 1113 4559 obvolutum:
1131 4493 1244 4579 ‹pribus
1260 4516 1331 4559 vero
1347 4493 1425 4559 bene
1441 4504 1503 4572 est,
