3725 5542
848 698 910 759 231

369 900 392 963 ii
423 899 541 963 civibus
572 900 663 962 etiam
695 900 849 984 sapientes
873 920 938 962 esse
962 897 1117 961 videntur.
1164 896 1308 961 Servator
1331 900 1386 983 qui

372 1017 401 1079 in
426 1016 550 1081 sublimi
575 1039 606 1081 es
629 1016 768 1101 Jupiter,
794 1016 1004 1100 Croniumque
1026 1015 1080 1098 qui
1095 1014 1216 1080 habitas
1232 1015 1389 1080 tumulum
1425 1022 1465 1081 10

371 1142 401 1197 11
420 1134 576 1219 Alpheum
597 1134 728 1199 honoras
749 1134 811 1199 late
828 1135 993 1211 fluentem,
1010 1133 1203 1217 Idaeumque
1218 1142 1385 1219 augustum

371 1261 511 1330 antrum,
540 1254 672 1338 supplex
696 1261 770 1317 tuus
795 1252 902 1330 venio,
926 1251 1034 1337 Lydiis
1058 1274 1170 1316 sonans
1195 1252 1297 1328 tibiis,
1324 1275 1388 1337 pre-

371 1380 495 1435 caturus
511 1371 619 1436 urbem
635 1372 714 1437 111111
731 1382 766 1435 11
781 1371 949 1435 virtutibus
966 1370 1108 1456 gloriosis
1120 1370 1260 1435 decores:
1277 1378 1386 1455 tuque,

371 1490 467 1553 victor
502 1487 679 1574 Olympios,
716 1498 753 1553 ut
787 1488 956 1575 Neptuniis
988 1488 1159 1554 delectatus
1191 1490 1279 1574 equis
1310 1491 1388 1553 feras
1424 1493 1465 1552 50

371 1614 558 1671 senectutem
581 1606 661 1671 bono
682 1608 783 1671 animo
804 1607 842 1671 ad
863 1608 973 1685 finem,
993 1606 1083 1684 liliis,
1104 1606 1247 1684 Psaumi,
1268 1606 1391 1671 adsten-

371 1725 461 1789 11111.
498 1725 659 1791 Valentem
688 1727 714 1791 si
744 1728 813 1811 quis
844 1727 925 1811 rigat
952 1728 1126 1805 fortunam,
1151 1726 1251 1812 largas
1275 1727 1391 1792 hebens

370 1867 443 1929 opes
466 1852 497 1909 et
520 1844 629 1911 bonam
655 1845 767 1909 famam
790 1844 981 1930 adjungens,
1005 1868 1045 1911 ne
1067 1854 1196 1929 quaeret
1218 1847 1281 1911 fieri
1303 1846 1391 1911 dens.

786 2116 977 2126 -ι-

741 2314 940 2381 OLYMPIA
964 2316 1022 2381 VI.

714 2570 848 2615 senemr
871 2570 1052 2616 1111111111.

820 2788 933 2853 suda.

414 3026 531 3088 Aureae
566 3032 774 3110 supponentes
811 3022 978 3108 parietibus
1013 3023 1125 3087 decoro
1160 3023 1270 3088 domus
1307 3026 1385 3088 atrio

368 3143 544 3221 columnae,
570 3152 605 3208 11
629 3144 655 3207 11
678 3143 881 3227 conspicuum
902 3152 1035 3221 tectum,
1057 3163 1244 3227 pangemus:
1262 3164 1387 3207 nascen-

368 3262 408 3326 tis
439 3261 539 3346 operis
572 3262 701 3325 frontem
738 3268 860 3346 oportet
891 3261 989 3325 facere
1020 3260 1112 3345 longe
1142 3260 1305 3325 lucentem.
1352 3260 1384 3324 Si

369 3381 467 3445 victor
497 3389 562 3444 erat
591 3378 769 3465 Olympiae,
795 3402 925 3465 araeque
950 3378 1093 3443 fatidicae
1116 3380 1255 3444 minister
1279 3380 1384 3459 Pisae,

368 3508 399 3563 11
422 3498 615 3563 conditarum
640 3498 844 3584 gloriosarum
864 3498 1083 3584 Syracusarum
1103 3498 1222 3561 socius:
1244 3520 1387 3583 111111-

367 3617 449 3681 mine
480 3626 596 3683 careret
627 3617 680 3683 ille
709 3619 755 3682 vir
783 3618 963 3683 nanciscens
986 3617 1098 3681 civium
1123 3638 1186 3681 non
1208 3616 1386 3683 invidorum
1424 3622 1462 3681 10

367 3741 475 3799 1111111
503 3736 680 3822 jucundos?
726 3736 810 3801 Sciat
841 3737 923 3801 enirn
954 3736 987 3800 in
1017 3736 1075 3799 hoc
1098 3734 1201 3800 calceo
1225 3758 1258 3800 se
1280 3736 1386 3801 divina

368 3863 449 3919 sorte
472 3854 582 3940 pedem
606 3855 716 3919 habere
740 3854 871 3919 Sostrati
895 3853 987 3918 filius.
1023 3852 1096 3919 Sine
1120 3854 1259 3939 periculo
1280 3854 1385 3919 laudes

367 3994 465 4057 neque
497 3974 529 4037 in
561 3972 739 4038 hominibus
771 3994 870 4057 neque
901 3972 932 4037 in
957 3971 1089 4037 naribus
1113 3972 1195 4036 cavis
1219 3972 1387 4037 honoratae

368 4098 457 4155 sunt:
490 4091 580 4156 multi
609 4114 680 4155 vero
713 4092 936 4169 meminerunt,
963 4092 989 4154 si
1012 4113 1074 4175 qua
1096 4090 1165 4155 lans
1189 4113 1260 4154 oum
1283 4089 1387 4154 labore

369 4211 507 4293 quaesita
526 4219 581 4275 est.
614 4210 744 4295 Agesis,
766 4209 822 4273 tibi
843 4209 1039 4295 praeconium
1059 4217 1201 4294 paratum
1220 4216 1282 4286 est,
1301 4209 1385 4292 quod

365 4328 434 4413 jure
464 4336 606 4414 prompta
633 4328 742 4413 lingua
764 4327 931 4413 aliquando
956 4328 1108 4393 Adrastus
1133 4329 1166 4393 in
1190 4340 1286 4392 vatem
1313 4330 1385 4391 Am·
1420 4330 1461 4390 20

369 4448 529 4533 phiaraum
553 4446 657 4513 Oeclei
680 4447 777 4514 lilium
801 4448 897 4525 dixit,
922 4456 1087 4533 postquam
1111 4448 1212 4533 ipsum
1233 4446 1383 4531 11111111-
