3725 5542
807 676 870 735 519

329 870 455 953 ponitur
478 871 570 955 Pytln
594 871 696 937 XXV.
731 872 821 952 Quae
840 879 942 937 tumen
959 872 1103 937 videntur
1118 895 1184 935 csse
1200 873 1339 936 confuse:

328 986 443 1071 quippe
471 987 599 1072 Pythius
629 989 738 1053 XXIX
767 989 879 1054 incidit
909 990 941 1054 in
970 989 1162 1074 Olympiadis
1185 989 1342 1054 LXXVII

328 1126 443 1168 anuum
467 1106 610 1184 urcium,
634 1117 666 1170 et
688 1107 726 1171 sb
749 1108 825 1191 ipsis
848 1105 1023 1171 scholiustis
1046 1108 1219 1192 appelletur
1242 1106 1341 1183 ἠὲξῆς

327 1221 452 1293 nodedu:
484 1222 572 1299 ideo,
603 1224 630 1287 si
659 1223 735 1287 hoec
766 1223 896 1287 victoris
923 1222 1087 1308 Olympius
1110 1230 1191 1289 recte
1216 1224 1341 1309 ponitur

328 1336 378 1401 Ol.
413 1337 586 1417 LXXVII,
618 1348 688 1403 unte
718 1339 751 1404 id
782 1350 906 1424 tempus
937 1340 1066 1425 Pythice
1097 1342 1162 1426 ejus
1196 1342 1340 1405 victorine

186 1462 191 1469 '
328 1455 487 1539 ponendae
509 1464 592 1521 sunt.
626 1456 802 1521 Boeckhius
824 1456 948 1541 quidem
972 1456 1181 1521 demonstrare
1197 1466 1339 1535 conetur,
1377 1498 1382 1505 ι

327 1570 507 1635 scholiastes
529 1573 563 1637 lu
585 1579 652 1637 tote
676 1573 862 1657 Pythiudum
885 1572 1084 1657 chronologia
1107 1573 1151 1637 itu
1166 1573 1341 1639 oberrares

328 1710 416 1766 vero,
446 1697 483 1752 ut
509 1690 625 1774 singuli
648 1712 753 1755 eorum
776 1691 896 1754 numeri
919 1707 982 1754 uns
1005 1690 1155 1775 Pythiude
1180 1692 1264 1775 prius
1289 1714 1340 1777 po-

325 1805 420 1870 nendi
442 1807 514 1870 sint

370 1922 459 2002 Fuit,
491 1931 528 1988 ut
556 1945 592 1987 ex
616 1925 683 2009 ipso
706 1924 840 1989 carmine
863 1932 1007 2008 apparet,
1031 1922 1191 2007 Ergoteles
1214 1924 1339 1989 notione

326 2039 476 2117 Cnosius,
500 2048 531 2104 et
553 2063 608 2125 per
623 2041 805 2105 seditionem
821 2040 968 2124 expulsus
984 2049 1031 2104 est
1046 2042 1160 2125 putris:
1179 2038 1339 2106 Cretenses

325 2157 449 2241 quidem
474 2158 613 2221 civitates
631 2157 738 2221 multis
754 2156 959 2221 seditionibus
976 2156 1122 2222 obnoxius
1141 2158 1233 2223 luisse
1249 2158 1339 2224 docet

326 2276 522 2353 Aristoteles,
554 2276 646 2339 Polit.
678 2275 715 2339 L.
748 2274 783 2339 II
812 2274 847 2339 O.
875 2274 956 2339 VH:
990 2275 1134 2346 πολλάκις
1158 2276 1337 2353 ἐκβάλλουσι

323 2392 488 2466 συστάντες
517 2394 590 2465 τινὲς
619 2396 687 2465 τοὺς
709 2393 834 2469 κόσμους
856 2393 875 2468 ἢ
897 2398 954 2457 τῶν
977 2393 1178 2474 συναρχόντων
1201 2398 1297 2460 αὐτῶν
1320 2398 1337 2471 ἢ

323 2516 380 2575 τῶν
409 2511 542 2576 Illerris:
566 2497 742 2609 -flddoecr
769 2510 799 2573 δὲ
824 2508 1080 2587 διαλαμβάνοντες
1103 2512 1152 2575 τὸν
1175 2513 1263 2588 sumu
1286 2512 1337 2577 καὶ

198 2710 204 2718 Ι
322 2628 390 2699 τοὺς
415 2627 521 2708 φίλαις
543 2627 708 2707 ιαναρχίαν
730 2633 820 2692 ποιεῖν
842 2627 892 2692 καὶ
915 2626 1085 2707 στασιάζειν
1109 2628 1159 2693 καὶ
1182 2627 1336 2709 μάχεσθαι

322 2745 392 2825 πρὸς
413 2747 572 2823 ἀλλήλους.
607 2743 703 2809 Venit
724 2751 827 2809 eutem
850 2743 1011 2829 llrgoteles
1036 2744 1214 2823 Himeram,
1231 2746 1337 2830 ibique

322 2862 397 2925 ciris
420 2862 482 2925 fuit
503 2872 534 2925 et
556 2861 649 2946 hujus
672 2861 805 2925 civitatis
828 2861 953 2925 nomine
975 2882 1050 2926 usus
1074 2871 1120 2926 est
1142 2862 1176 2926 iu
1198 2862 1256 2927 hut
1277 2864 1336 2928 vic·

323 2980 411 3042 torio.
458 2978 545 3043 Idem
579 2986 741 3063 postquem
773 3001 811 3043 ex
841 2978 942 3063 putris
972 2978 1065 3056 abiit,
1099 2976 1175 3043 dnus
1208 2980 1335 3065 Pythius

323 3095 465 3159 victorius
495 3097 663 3182 reportavit
683 3103 715 3160 et
739 3096 918 3161 Isthmiom:
945 3095 1014 3159 vids
1039 3118 1072 3159 vs
1096 3100 1149 3161 26.
1198 3098 1335 3163 Eundem

323 3212 418 3277 trudit
442 3199 485 3277 'de
516 3214 574 3278 hoc
606 3215 670 3278 viro
699 3215 878 3278 memoriam
900 3214 1070 3279 Pausanias
1093 3214 1130 3278 L.
1155 3213 1203 3277 VI
1226 3214 1261 3279 Ο.
1286 3215 1333 3279 IV

323 3331 359 3394 V:
394 3329 481 3395 eddit
514 3331 639 3395 alterum
674 3330 850 3416 Olympium
884 3331 1057 3409 victorium,
1094 3330 1221 3395 alterum
1253 3330 1338 3396 Isth·

322 3447 428 3525 mim,
453 3447 529 3512 dues
544 3446 727 3513 Nemeseos:
744 3468 850 3512 rernm
866 3448 924 3512 hue
940 3457 1036 3525 certe,
1054 3471 1071 3511 a
1087 3446 1222 3513 Pindoro
1238 3470 1336 3532 quum

321 3583 384 3628 non
411 3572 631 3642 memorentur,
656 3572 762 3649 posteo
785 3565 814 3628 ei
837 3564 1003 3649 contigisse
1026 3565 1181 3650 putandae
1205 3576 1288 3629 suut.

366 3680 473 3760 Quom
504 3688 605 3745 nutem
637 3679 788 3744 Pindarus
820 3690 969 3745 memoret
998 3680 1075 3745 dnus
1108 3682 1174 3766 ejus
1206 3680 1333 3764 Pythius

322 3797 481 3875 victorius,
512 3816 574 3862 non
605 3804 774 3882 potuerunt
802 3797 875 3861 illae
902 3798 1039 3863 cecidere
1062 3798 1216 3884 posterius
1240 3819 1331 3882 quum

320 3913 471 3999 Pythisde
499 3913 626 3978 XXVII
657 3921 688 3978 et
714 3914 867 3999 Pythisde
893 3913 1056 3979 XXVIII:
1086 3936 1215 3999 quarum
1239 3914 1335 3981 alters
1436 3966 1439 3974 .

320 4031 431 4096 incidit
461 4032 494 4096 in
517 4032 708 4117 Olympiadis
731 4031 852 4095 LXXV
874 4048 989 4097 annum
1013 4034 1156 4111 tertium,
1181 4032 1277 4096 sltem
1300 4032 1333 4096 in

319 4150 513 4237 Olympiadis
541 4147 680 4213 LXXVI
710 4170 825 4213 annum
856 4150 993 4213 tertium.
1040 4149 1141 4235 Igitur
1173 4160 1244 4214 ante
1275 4148 1332 4212 hos

319 4290 416 4331 anuos
446 4267 535 4332 illum
559 4265 716 4330 Himeram
740 4266 858 4330 venisse
881 4268 1082 4331 statuendum
1105 4272 1159 4330 est.
1207 4264 1331 4328 Etenim

320 4392 352 4452 et
373 4384 540 4451 Poussniss
563 4383 705 4451 idoneam
728 4405 850 4450 causam
874 4384 970 4449 fiiisse
993 4383 1085 4460 dicit,
1109 4404 1165 4447 cur
1188 4382 1219 4447 in
1237 4382 1331 4445 vict-o·
