3725 5542
800 741 865 804 475

328 942 438 1020 tentia,
462 942 524 1008 οὐδέ
545 965 584 1018 γε
606 941 641 1006 τὸ
663 941 808 1021 rapam
830 942 867 1011 ὥς
890 939 944 1004 θεοὶ
967 940 1037 1011 θεοῖς
1061 939 1223 1017 πολεμοῦσί
1242 963 1276 1004 τε
1292 938 1341 1003 ecl

326 1061 545 1138 ἐπιβουλεύουσι
569 1061 618 1124 zat
641 1057 806 1139 μάχονται.
854 1057 900 1122 De
923 1056 1000 1143 Rep.
1025 1056 1060 1120 II
1083 1080 1114 1141 p.
1140 1057 1215 1122 378.

373 1181 426 1243 62.
460 1177 556 1259 φέροις
579 1177 618 1242 hl.
653 1175 747 1240 Redit
769 1175 809 1239 ad
831 1175 938 1240 laudes
961 1173 1099 1260 Opuntis
1122 1181 1154 1239 et
1177 1174 1242 1259 ejus
1266 1172 1343 1238 anti·

327 1295 476 1381 quitatem
499 1295 652 1360 celebrare
674 1293 825 1370 instituit,
846 1293 994 1357 continuo
1015 1293 1172 1378 appellans
1188 1315 1253 1358 eam
1269 1291 1343 1355 Pro·

329 1416 469 1498 tageniae
496 1415 621 1479 urbem:
646 1413 763 1498 quippe
787 1411 973 1496 Protogenia
995 1411 1194 1476 Deucalionis
1217 1419 1248 1476 et
1269 1411 1343 1496 Pyr·

279 1617 282 1622 ¹
327 1531 401 1596 rhae
430 1532 492 1596 fllia
524 1532 602 1610 luit,
626 1539 663 1596 ut
685 1538 793 1596 narrat
815 1529 1024 1616 Apollodorus
1046 1529 1083 1595 L.
1107 1529 1183 1594 10.
1207 1529 1289 1594 VII:
1314 1539 1345 1594 et

327 1657 461 1715 testatur
475 1650 641 1716 scholiasta
655 1657 745 1715 vetus
762 1649 801 1714 ad
817 1672 852 1713 vs
872 1651 928 1725 64,
946 1671 1083 1713 namasss
1099 1649 1246 1726 eundem,
1260 1648 1344 1713 illam

327 1769 360 1832 in
390 1768 514 1852 regione
545 1766 778 1852 Opuntiorum,
810 1789 920 1852 nempe
951 1765 1044 1852 Cyni,
1076 1767 1235 1832 educatam
1268 1789 1343 1832 esse.

373 1888 426 1950 64.
461 1883 506 1952 ἵν’.
542 1884 719 1950 Smundnm
751 1884 952 1963 Strabonem,
983 1883 1021 1948 L.
1053 1885 1101 1948 IX
1133 1907 1163 1969 p.
1195 1887 1279 1962 425,
1310 1887 1342 1950 in

326 2003 463 2068 editione
495 2003 698 2068 Almelovenii
725 2026 756 2088 p.
781 2005 866 2081 661,
890 2011 938 2081 et,
965 2009 1001 2067 ut
1023 2009 1155 2068 testatur
1178 2002 1344 2068 scholiasta

328 2129 415 2184 vetus
438 2120 476 2184 ad
496 2120 581 2184 hunc
599 2120 717 2198 locum,
740 2119 909 2184 secundum
930 2120 1172 2206 Apollodorum,
1193 2143 1256 2186 uon
1276 2122 1344 2206 ipsa

327 2236 469 2322 Opunte,
486 2237 540 2304 sed
558 2237 637 2324 Cyni
653 2238 758 2302 sedem
773 2259 901 2323 posume
917 2261 1002 2302 suam
1019 2238 1222 2323 Protogeniae
1239 2261 1345 2324 paren·

329 2361 376 2419 tes
407 2353 579 2421 Deucalion
602 2365 633 2420 et
655 2354 787 2440 Pyrrha:
813 2376 916 2419 verum
940 2355 1020 2433 fuit,
1045 2363 1080 2420 ut
1102 2356 1217 2421 ibidem
1241 2365 1346 2422 mouet

330 2473 456 2553 Strabo,
489 2473 594 2560 Gynus
624 2481 656 2538 et
686 2473 774 2538 valde
805 2473 905 2539 vicina
930 2473 1052 2560 Opunti
1075 2476 1194 2561 atejus
1218 2483 1342 2561 portus:

327 2593 365 2656 cl.
389 2591 479 2658 Eust.
503 2591 541 2656 ad
565 2591 604 2658 Il.
627 2590 664 2655 ΙΙ
688 2593 763 2656 cal.

373 2711 425 2774 66.
460 2715 643 2791 Παρνασσοῦ.
679 2709 727 2774 Eo
757 2709 839 2774 enim
869 2710 1032 2795 appulerat
1066 2711 1096 2776 in
1122 2711 1240 2776 diluvio
1264 2711 1346 2776 Deu-

326 2827 444 2893 ealion:
468 2829 529 2893 vid.
554 2827 699 2914 Apollod.
723 2826 761 2893 1..
785 2826 859 2891 10.
884 2825 959 2892 VII.

373 2949 426 3012 69.
461 2947 617 3024 ὁμόδαμον.
651 2945 724 3011 Nisi
746 2944 853 3024 fallor,
877 2947 1008 3011 oonsilio
1031 2946 1089 3012 hoc
1113 2946 1272 3033 epitheton
1292 2965 1344 3034 po

327 3063 391 3127 suit
424 3061 537 3140 Poeta,
572 3081 634 3127 non
666 3065 810 3142 ὁμογενῆ,
842 3071 880 3127 ut
910 3063 1096 3149 significaret
1126 3064 1241 3150 prolem
1274 3065 1345 3147 ἄτερ

326 3182 412 3251 εὐνᾶς
436 3179 616 3262 quaesitam.

375 3298 428 3360 71.
462 3297 529 3361 λαοὶ
545 3294 569 3360 δ’
584 3297 750 3375 Maecio.
786 3298 1012 3383 Apollodorus:
1031 3297 1091 3364 ὅθεν
1106 3299 1156 3364 acl
1171 3299 1238 3365 acal
1253 3322 1346 3378 uero»

327 3420 448 3498 φορικῶς
471 3415 671 3492 marlotum
694 3415 755 3480 aaa
777 3423 828 3481 τοῦ
850 3417 940 3490 adae.
976 3414 1067 3482 Ovid.
1093 3418 1218 3483 Metam.
1240 3418 1258 3482 I
1277 3422 1343 3483 414

394 3532 472 3598 Inde
495 3555 592 3616 genus
616 3533 729 3598 durum
751 3555 858 3598 sumus
882 3535 1101 3619 experiensque
1124 3535 1263 3601 laborum

394 3650 437 3716 Et
460 3651 645 3716 documenta
667 3650 793 3729 damus,
818 3673 880 3736 qua
902 3652 998 3717 simus
1021 3653 1138 3738 origiue
1161 3654 1237 3718 nuti.

375 3771 427 3833 72.
462 3765 551 3844 οἷμον.
587 3767 766 3834 ldelodiam.
802 3768 946 3854 Hymnus
970 3770 1151 3835 Homericus
1171 3771 1203 3834 in
1225 3771 1344 3836 Marcu·

327 3884 408 3949 rium
439 3887 503 3948 451
531 3886 649 3964 ἀγλαὸς
672 3883 751 3965 οἶμος
773 3887 880 3962 ἀοιδῆς.
917 3887 1038 3953 Callim.
1057 3888 1170 3974 Hymn.
1187 3889 1220 3954 in
1235 3887 1342 3954 Jovem

330 4006 371 4068 78
393 4005 482 4083 av'rcs
503 4004 611 4082 οἴμους.

374 4122 427 4186 73.
462 4121 533 4188 αἴνει
556 4123 586 4187 δὲ
609 4121 747 4188 παλαιὸν.
784 4121 956 4198 Homerus,
981 4121 1041 4186 Od.
1067 4122 1171 4187 1361

438 4241 491 4314 τὴν
513 4241 573 4320 γὰρ
594 4241 690 4314 aaran
713 4244 832 4318 μᾶλλον
854 4240 1028 4306 immiso?
1051 4239 1205 4320 ἄνθρωποι,

438 4357 500 4433 ἥτις
522 4358 708 4423 ἀκουόντεσσι
731 4356 861 4432 νεωτάτη
883 4357 1107 4441 dominianus.

326 4474 443 4540 Verum
475 4474 627 4542 Pindarus
659 4475 775 4560 aliquid
807 4477 937 4542 interius
967 4478 1126 4563 magisque
1150 4477 1341 4542 reconditum
