3725 5542
985 720 1049 780 433

510 919 622 980 derint.
669 917 760 980 Certe
796 918 927 981 Doricus
961 919 1043 982 lilius
1075 920 1242 1001 Diagorae,
1279 933 1310 983 et
1347 921 1524 998 Pisandes,

513 1035 661 1116 Diagorae
692 1057 729 1096 ex
761 1034 825 1097 filia
854 1057 969 1119 nepos,
1001 1035 1040 1099 ab
1067 1035 1248 1099 adversariis
1272 1036 1381 1100 Rhodo
1404 1039 1525 1123 expulsi

508 1152 608 1216 luere:
637 1151 769 1214 Pausau.
793 1151 829 1214 L.
854 1151 902 1214 VI
925 1151 961 1214 C.
987 1151 1050 1214 VII
1075 1156 1104 1215 2.
1142 1151 1257 1216 Verum
1282 1176 1317 1216 ea
1340 1163 1422 1218 certe
1445 1157 1521 1218 satis

507 1267 602 1352 longo
632 1278 701 1352 post
734 1268 793 1332 lioc
821 1290 941 1332 carmen
975 1270 1119 1353 temporis
1142 1269 1305 1334 interuallo
1328 1271 1522 1336 acciderunt:

507 1408 577 1449 uam
610 1386 636 1447 si
664 1387 728 1468 jam
750 1407 835 1448 nunc
857 1385 914 1448 lilii
939 1385 1091 1468 Diagorae
1115 1386 1244 1450 fuissent
1267 1387 1366 1452 adulti
1391 1398 1445 1451 aut
1470 1388 1524 1452 ali·

507 1503 576 1586 quis
599 1523 704 1565 eorum
725 1504 789 1586 jam
811 1503 927 1579 victor,
952 1510 1033 1566 certe
1053 1502 1084 1564 id
1107 1503 1202 1566 Poeta
1219 1525 1279 1567 nou
1296 1504 1420 1567 silentio
1436 1528 1520 1588 prae·

508 1618 697 1682 termisisset.
729 1617 838 1700 Neque
861 1618 967 1682 lutura
983 1618 1064 1682 mala
1078 1619 1244 1683 Pindarum
1258 1621 1321 1703 jam
1337 1631 1522 1706 auguratum

506 1736 600 1798 fuisse
622 1734 783 1797 contendit
805 1734 996 1810 Boeelxhius,
1018 1735 1071 1799 sed
1087 1745 1188 1800 tamen
1203 1737 1267 1821 jam
1287 1745 1354 1801 tum
1373 1738 1524 1802 exstitisse

506 1853 641 1915 fautores
672 1851 796 1936 populi,
828 1852 884 1936 qui
914 1853 1001 1935 genti
1030 1852 1192 1936 Demageti
1214 1853 1396 1918 inriderent.
1444 1855 1521 1920 Illos

507 1979 542 2031 ut
564 1969 758 2044 admoneret,
781 1977 979 2032 memoratam
1003 1991 1068 2032 esse
1091 1991 1110 2032 a
1132 1968 1228 2032 Poeta
1251 1971 1347 2034 totius
1371 1970 1519 2036 laetitiam

506 2086 639 2149 civitatis
655 2094 687 2148 et
704 2085 865 2168 Demageti
880 2086 1039 2170 ipsiusque
1057 2085 1208 2170 Diagorae
1227 2088 1414 2170 aequitatem
1430 2095 1522 2172 atque

501 2204 674 2287 justitiam:
700 2211 732 2266 et
754 2203 846 2266 simul
869 2212 907 2264 ut
928 2202 1095 2287 Diagoram
1112 2203 1303 2280 admoneret,
1321 2227 1360 2268 ne
1375 2204 1520 2270 felicitate

506 2342 562 2382 sua
585 2320 681 2382 fretus
704 2327 881 2402 exsurgeret
904 2319 1016 2395 altius,
1041 2319 1216 2402 ambiguam
1241 2321 1423 2386 senteutiam
1441 2322 1523 2407 adje-

505 2436 583 2498 cisse
618 2435 657 2499 de
690 2458 793 2500 rerum
827 2435 1037 2500 instabilitate.
1074 2436 1190 2500 Verum
1221 2459 1258 2501 ea
1287 2438 1412 2521 quidem
1447 2440 1522 2504 mihi

506 2551 652 2616 ridentur
681 2562 789 2636 argute
817 2553 909 2617 nimis
932 2553 1095 2636 disputari.
1141 2553 1250 2616 Potius
1273 2576 1357 2618 more
1380 2577 1437 2620 suo
1460 2578 1520 2619 me·

505 2669 597 2732 minit
619 2669 772 2733 Pindarus
792 2669 969 2754 {agilitatis
985 2691 1087 2734 rerum
1103 2669 1320 2749 humanarum,
1338 2672 1519 2758 imperiique

507 2787 642 2868 potentis
672 2785 777 2862 Jovis,
808 2787 864 2871 qui
886 2786 976 2850 facile
1000 2786 1083 2850 brevi
1109 2795 1244 2871 tempore
1268 2799 1378 2854 cuncta
1402 2799 1519 2856 mutet:

504 2901 585 2965 laeto
609 2904 718 2967 victori
737 2925 799 2968 non
822 2904 1122 2988 praetermittendam
1140 2927 1206 2969 esse
1222 2927 1288 2969 eam
1304 2907 1522 2992 cogitationem

503 3019 691 3083 existimans.
727 3019 899 3084 Scholiasta
921 3029 1010 3086 retus
1031 3022 1166 3106 putavit,
1190 3023 1342 3088 contineri
1356 3023 1405 3088 his
1421 3025 1520 3090 verbis

503 3135 743 3201 consolationem
771 3145 896 3220 propter
918 3137 1055 3222 aliquam
1078 3138 1301 3222 calamitatem,
1326 3161 1406 3224 quae
1429 3147 1522 3207 autes

504 3251 656 3336 Diagorae
678 3252 785 3316 domui
806 3253 985 3331 accidisset,
1014 3277 1096 3318 nunc
1112 3263 1216 3320 autem
1231 3259 1384 3341 praeacuti
1400 3257 1521 3322 laetitia

503 3370 662 3434 obruenda
677 3379 766 3434 esset
790 3370 879 3450 Quae
894 3373 1059 3456 explicatio
1075 3373 1154 3438 milri
1166 3395 1229 3438 non
1241 3375 1338 3458 magis
1349 3376 1524 3440 sententiae

503 3486 599 3571 hujus
624 3486 682 3550 loci
707 3489 870 3552 convenire
893 3488 1015 3554 ridetur
1037 3511 1130 3574 quam
1154 3491 1260 3574 opinio
1286 3490 1443 3556 Bocckhii.

917 3759 1107 3770 ..ι-...ι-

858 3955 1056 4021 OLYMPIA
1080 3957 1171 4022 VIII.

552 4185 683 4250 Orditor
706 4187 802 4254 Poeta
824 4212 842 4252 a
864 4190 1046 4255 laudatione
1067 4190 1228 4276 Olympiae
1243 4201 1274 4257 et
1289 4193 1422 4270 oraculi,
1439 4193 1523 4278 quod

507 4302 552 4366 ibi
575 4313 649 4367 erat.
684 4303 764 4368 Tum
789 4307 946 4390 praedicat
968 4307 1146 4379 felicitatem
1171 4310 1394 4374 Alcimedontis
1418 4319 1450 4375 et
1466 4313 1525 4376 lra-

508 4420 564 4484 tris
586 4420 652 4504 ejus
670 4419 892 4501 Timosthenis,
909 4423 963 4508 qui
981 4422 1114 4489 Nemeae
1128 4425 1286 4490 victoriam
1304 4433 1524 4512 reportaverat.
