3725 5542
808 766 871 827 315

342 970 461 1033 futuros
484 968 615 1032 'Pheroui
640 976 708 1053 post
733 974 859 1031 mortem
885 966 1014 1029 honores
1038 964 1184 1028 heroicos.
1231 960 1345 1026 Verum

342 1089 374 1151 iu
404 1087 562 1151 narrandis
592 1087 630 1150 iis
661 1086 750 1151 rebus
781 1084 906 1149 modum
940 1083 1151 1148 adhibendum
1173 1104 1237 1146 esse
1259 1080 1348 1144 intel-

343 1207 420 1292 ligit.
467 1206 534 1269 'Pali
565 1204 655 1271 modo
687 1214 792 1293 postea
819 1204 930 1269 ¹Plato:
966 1203 1014 1267 cla
1045 1201 1235 1281 ὑπερουράνιον
1261 1198 1347 1263 τόπον

342 1325 408 1389 οὔτε
436 1348 480 1395 τις
515 1322 624 1401 Sparnoi
653 1348 698 1389 acc
728 1330 784 1389 τῶν
814 1323 883 1407 τῇδε
914 1324 1030 1397 ποιητὴς
1057 1322 1122 1386 odra
1143 1318 1207 1383 eor
1230 1320 1347 1394 ὑμνήσει

342 1446 409 1507 m’
438 1440 542 1519 dilata:
574 1443 663 1520 „loca
695 1464 786 1526 supra
818 1440 937 1506 coelum
959 1440 1060 1525 posita
1083 1460 1139 1502 nec
1161 1437 1272 1501 cecinit
1293 1458 1348 1501 un-

341 1583 433 1645 quam
456 1560 621 1646 quisquam
644 1568 734 1647 poeta
757 1559 893 1623 mortalis
917 1581 973 1622 nec
997 1566 1085 1623 canet
1107 1557 1152 1621 ita
1171 1563 1207 1620 ut
1222 1554 1348 1620 decet:’'

343 1679 470 1744 Phaedr.
503 1682 564 1745 247
600 1678 634 1743 O.
682 1678 722 1743 Et
753 1676 944 1763 philosophis
974 1699 1010 1741 ca
1041 1676 1190 1762 praemia,
1221 1683 1258 1740 ut
1284 1675 1348 1758 jam

342 1804 431 1863 antea
450 1797 532 1875 diri,
555 1795 644 1861 Plato
667 1796 828 1881 proponit,
852 1818 929 1879 quae
954 1794 1105 1859 Pindarus
1124 1794 1235 1880 justise
1259 1792 1349 1856 Plato

342 1924 443 1980 autom
477 1916 509 1979 in
544 1914 706 1979 Phaedone
747 1913 947 2000 philosophos
983 1912 1201 1998 pulcherrimas
1241 1911 1347 1976 domos

343 2032 530 2100 habitaturos
554 2056 619 2097 esse
642 2033 732 2099 dicit:
766 2055 844 2117 qnae
868 2042 970 2096 tamen
993 2031 1099 2115 quales
1122 2032 1244 2095 futurae
1267 2032 1347 2108 sint,

342 2174 403 2217 non
427 2152 514 2216 facile
538 2150 624 2216 dictu
648 2152 705 2215 sit:
731 2158 762 2215 et
785 2151 910 2216 omniuo
933 2174 986 2227 ea,
1010 2172 1090 2236 quae
1113 2149 1150 2213 de
1173 2149 1264 2215 rebus
1280 2158 1349 2235 post

342 2280 469 2335 mortem
501 2271 613 2334 futuris
646 2270 823 2355 proposuit,
855 2291 916 2334 non
941 2269 1063 2355 singula
1085 2268 1261 2333 affirmanda
1283 2290 1348 2332 esse

220 2436 223 2443 .
338 2388 495 2455 contendit
529 2387 678 2473 quadam,
714 2410 793 2473 quae
828 2388 983 2453 hominem
1017 2410 1078 2453 nou
1114 2388 1236 2464 deceat,
1266 2398 1349 2451 certa

342 2508 470 2571 fiducia:
501 2517 532 2571 et
561 2515 664 2571 tamen
693 2516 849 2585 constare,
882 2508 1018 2571 animum
1040 2530 1106 2571 esse
1130 2506 1346 2583 immortalem,

344 2635 374 2691 et
405 2648 489 2711 spem
520 2625 695 2690 certaminis
727 2625 873 2711 praeclari
904 2648 1045 2711 maguam
1076 2627 1103 2691 ei
1127 2648 1192 2691 ease
1217 2626 1350 2711 proposi·

345 2756 424 2809 tam:
464 2747 536 2809 114.
582 2744 729 2811 Similiter
763 2745 914 2810 Pindarus
949 2745 1058 2823 habet,
1094 2768 1173 2830 quae
1203 2746 1347 2811 affirmet:

346 2886 451 2928 verum
474 2864 595 2949 longius
618 2866 649 2929 in
674 2864 711 2928 iis
735 2864 825 2929 rebus
849 2863 1085 2949 procedere-et
1106 2865 1139 2929 in
1162 2887 1198 2929 ea
1219 2865 1348 2930 canendi

344 2982 485 3060 materie,
517 3004 578 3066 qua
609 2983 698 3048 nulla
719 2983 767 3047 vel
789 2984 910 3069 gravior
933 3006 998 3047 esse
1022 2986 1133 3068 possit,
1158 2984 1205 3049 vel
1228 2985 1350 3070 dignior

344 3101 466 3165 homine
490 3110 521 3165 et
544 3110 645 3167 tamen
669 3101 786 3165 homini
803 3100 972 3179 difficilior,
996 3124 1058 3169 non
1074 3125 1192 3167 servare
1206 3102 1348 3167 modum:

342 3220 375 3283 id
400 3219 523 3304 quidem
547 3243 565 3284 a
589 3220 687 3306 poesis
711 3242 782 3283 snae
813 3220 999 3305 praestantia
1020 3221 1154 3285 alienum
1178 3221 1348 3285 existimat:

343 3348 374 3403 et
406 3360 546 3423 magnam
575 3339 741 3425 sapientiae
771 3350 885 3424 purtem
916 3340 949 3403 in
980 3340 1180 3425 temperantia
1202 3348 1350 3404 constare.

343 3455 458 3534 Sentit,
491 3480 556 3521 esse
580 3479 629 3521 eas
652 3480 700 3521 res
724 3479 785 3522 nou
810 3466 893 3535 tum,
925 3480 1021 3543 quum
1045 3457 1084 3521 ab
1107 3457 1174 3522 aliis
1197 3480 1246 3522 eas
1270 3480 1351 3523 acce·

345 3574 441 3659 peria,
467 3575 597 3662 percipi,
630 3575 682 3639 sed
707 3584 827 3661 pectore
851 3574 1067 3660 comprehendi
1091 3583 1122 3639 et
1144 3576 1293 3662 intelligi:
1318 3599 1350 3640 se

340 3693 404 3777 jam
427 3700 514 3767 tanta
536 3694 691 3779 aperuisse
715 3701 747 3760 et
767 3704 1020 3759 commonstrasse
1036 3694 1183 3769 dicendo,
1209 3706 1244 3758 ut
1259 3695 1350 3778 periti
1436 3770 1442 3781 ἱ

344 3810 536 3896 intelligant,
570 3812 691 3899 copiose
722 3813 811 3898 plura
832 3820 863 3876 et
886 3812 977 3886 celeri
1000 3814 1118 3899 impetu
1141 3834 1229 3899 posse
1251 3814 1350 3898 promi

345 3936 436 4012 atque
459 3929 595 3994 ostendi:
624 3952 702 4015 quae
725 3938 825 3995 tamen
849 3931 963 4016 vulgus
985 3930 1143 3996 indoctum
1167 3930 1250 3995 haud
1274 3954 1352 3995 asse·

344 4056 473 4129 quatur:
498 4048 550 4112 sed
575 4070 636 4112 non
660 4070 724 4112 esse
749 4050 959 4115 aeternitatem
984 4050 1064 4114 vitae
1088 4030 1118 4114 et
1141 4050 1350 4115 immortalite

345 4166 385 4229 tis
409 4168 542 4252 praemia
565 4168 596 4231 iu
612 4168 650 4231 iis
666 4166 756 4231 rebus
773 4168 926 4254 ponenda,
952 4190 1082 4253 quarum
1098 4168 1234 4253 singulas
1250 4178 1351 4254 partes

346 4286 478 4350 enarrari
502 4287 588 4371 quasi
611 4308 630 4348 a
653 4286 797 4379 magistro
820 4296 974 4372 oporteat,
999 4289 1054 4374 qui
1078 4288 1144 4373 ipae
1167 4310 1233 4353 eam
1253 4287 1352 4352 erudi-

347 4404 460 4467 tionem
485 4404 552 4468 aliis
568 4404 693 4482 debeat,
718 4428 773 4469 nec
790 4405 957 4490 quidquam
974 4430 1094 4484 eorum,
1121 4429 1197 4492 qnae
1213 4430 1245 4472 se
1261 4429 1350 4472 nosse

348 4531 453 4609 putet,
479 4522 778 4609 praetermittendum
803 4523 835 4591 iu
861 4524 998 4591 docendo
1028 4526 1188 4597 existimet.
1234 4525 1349 4607 Sentit,
