3725 5542
976 714 1041 776 410

546 911 577 974 d.
612 911 798 991 πάγχρυσον.
832 913 935 997 Junge
958 934 1028 978 cum
1051 913 1184 995 φιοιλον,
1208 937 1270 979 non
1286 937 1355 980 eum
1372 917 1509 996 ιοορυφοιν.

546 1031 578 1089 8.
614 1028 835 1093 Accusativurn
863 1029 952 1108 χάριν
980 1051 1043 1094 non
1070 1031 1203 1095 averbo
1226 1033 1358 1107 τιμάσιις
1381 1033 1514 1118 pendere

499 1143 605 1221 eredo,
621 1167 725 1210 verum
741 1146 956 1211 adverbialiter
970 1149 1106 1232 positum
1121 1171 1203 1226 asse,
1216 1157 1252 1212 ut
1263 1151 1402 1234 saepius,
1415 1150 1466 1214 vel
1478 1158 1516 1214 ut

501 1262 570 1339 πρὸς
591 1264 695 1342 χάριν,
719 1271 756 1326 ιιι
776 1262 828 1326 Ol.
853 1263 936 1327 VIII
961 1267 1013 1328 10.
1060 1265 1182 1350 Duplex
1208 1267 1402 1350 significatur
1420 1266 1515 1330 dandi

500 1387 635 1463 pateram
664 1381 845 1445 consilium:
876 1382 1007 1446 alterum
1039 1389 1075 1446 ut
1104 1383 1244 1446 convivio
1276 1385 1337 1469 ipsi
1360 1383 1455 1448 decus
1477 1393 1509 1448 et

501 1497 615 1581 gandia
643 1499 738 1575 ieret,
771 1499 902 1564 alterum
932 1507 970 1564 ut
991 1521 1078 1564 snam
1103 1500 1281 1565 affinitatem
1304 1523 1514 1586 generumque

500 1615 646 1678 honoret:
677 1617 710 1678 in
740 1616 968 1680 constructione
999 1616 1147 1681 orationis
1174 1625 1221 1680 ast
1243 1618 1391 1682 mutatio:
1415 1641 1513 1704 grm-

500 1732 627 1796 maticae
657 1733 888 1797 convenientiae
910 1733 937 1797 ai
961 1733 1192 1819 obsequendum
1216 1744 1356 1820 putaret,
1379 1736 1511 1800 scribere

500 1846 598 1912 Poeta
628 1858 786 1935 potuerat:
817 1850 887 1930 πρὸς
911 1851 1130 1928 συμποσίοισι
1153 1851 1242 1932 χάριν
1263 1853 1333 1931 πρός
1355 1877 1390 1917 τε
1411 1852 1513 1924 duce

500 1968 593 2041 τιμὰν
616 1970 673 2032 ἑοῦ.
1096 1973 1101 1980 ’

545 2088 576 2148 u.
610 2088 641 2149 ἐν
662 2086 702 2152 δὲ.
738 2087 776 2150 In
799 2087 903 2171 glossa
925 2088 984 2152 hoc
1006 2089 1206 2175 conjungitur
1227 2110 1299 2152 oum
1318 2090 1404 2163 θῆκε,
1421 2097 1457 2151 ut
1472 2089 1514 2152 sit

500 2222 556 2284 pro
585 2201 706 2276 ε’νέθνιιε.
753 2203 866 2267 Melius
896 2205 928 2267 in
953 2204 1070 2268 scholio
1092 2205 1276 2270 renotatione:
1300 2208 1331 2270 ἐν
1352 2205 1399 2283 δὲ,
1423 2204 1513 2281 ἤγουν

500 2317 553 2381 σὺν
578 2319 705 2391 τούτοισι
728 2319 761 2382 id
784 2328 849 2397 est,
872 2321 906 2384 in
928 2343 982 2398 ao,
1007 2321 1082 2385 durn
1105 2321 1163 2386 ltoc
1182 2322 1265 2385 iacit.

550 2436 601 2498 ll.
637 2433 957 2502 0f.flom.0‹1.v1
983 2441 1045 2502 182

747 2559 779 2620 οὐ
801 2556 939 2635 μὲνγὰρ
959 2561 1050 2632 roim
1072 2563 1200 2634 κρεῖσσον
1221 2557 1271 2620 xxi
1295 2555 1387 2638 θριισν

614 2669 691 2747 ἣὸθ
712 2672 916 2753 ὁμοφρονέοντε
937 2674 1074 2750 νοήμασιν
1097 2669 1170 2738 οἶνον
1192 2673 1300 2754 ἔρανον

609 2789 680 2868 dvii
701 2789 751 2862 ιιι
771 2791 855 2865 νυνι.

547 2906 597 2966 12.
632 2908 737 2984 νέκταρ
750 2906 852 2986 χυιιν.
886 2905 1059 2970 Scholiasta
1073 2915 1162 2970 vetus
1178 2906 1311 2990 explicat
1326 2905 1510 2984 οὐτθχυσον,

499 3019 641 3100 ιἰιιροννονι
672 3044 801 3086 merum.
846 3022 941 3102 Quod
971 3023 1102 3088 nonita
1124 3022 1200 3086 mihi
1223 3021 1356 3085 videtur.
1405 3021 1512 3085 Alaun·

499 3137 609 3204 denter
630 3140 720 3223 quasi
742 3161 803 3203 usu
825 3141 913 3224 epico
935 3139 1074 3204 additium
1096 3161 1162 3203 cese
1186 3139 1345 3214 existimo,
1371 3145 1407 3201 ut
1429 3135 1512 3222 apud

500 3255 670 3321 Homerum
701 3257 740 3320 Π.
771 3257 789 3319 Ι
822 3260 884 3320 106
908 3256 1045 3336 λαμπρὸν
1066 3257 1145 3335 φάος
1168 3257 1287 3338 ἠελίοιο,
1312 3255 1351 3318 Il.
1378 3253 1423 3316 VI
1450 3255 1511 3316 182

500 3372 587 3452 πυρὸς
616 3372 785 3453 αἰθομένοιο,
817 3371 877 3435 Od.
905 3371 937 3434 X
960 3373 1025 3434 364
1048 3371 1113 3434 λίπ’
1137 3373 1243 3452 lule,
1267 3381 1299 3434 et
1321 3369 1506 3432 sexcenties:

499 3489 590 3573 cnjus
611 3489 705 3553 moris
727 3489 821 3552 etiam
843 3487 927 3572 apud
950 3486 1119 3552 Pindarum
1142 3486 1225 3550 hand
1250 3507 1348 3570 panea
1362 3494 1437 3550 sunt
1450 3505 1513 3546 ves·

499 3605 594 3688 tigia,
618 3605 704 3670 velut
726 3604 810 3688 qnod
833 3605 925 3669 modo
948 3605 1080 3670 vidimus
1105 3627 1138 3668 ss
1162 3606 1182 3666 2
1205 3604 1285 3668 ἑλιθν.
1321 3600 1511 3686 Significatio

501 3731 603 3787 autem
625 3743 689 3789 uon
711 3743 778 3786 eoae
799 3721 922 3786 videtur
944 3721 1073 3807 liquidi,
1096 3720 1150 3785 sed
1173 3720 1252 3797 iusi,
1276 3719 1389 3784 hausti.

549 3845 599 3906 15.
634 3842 796 3918 ἱλάσκομαι
823 3840 934 3905 habere
957 3841 1036 3904 solet
1058 3839 1283 3914 accusativum,
1308 3835 1394 3900 velut
1417 3835 1509 3899 Hom.

500 3958 539 4022 ll.
564 3959 581 4021 Ι
602 3962 670 4021 444
691 3958 756 4037 ὄφρ’
778 3957 964 4030 ι’λοισθμοσθοι
985 3955 1114 4021 duma.
1149 3955 1264 4018 Tamen
1288 3952 1371 4039 apud
1392 3952 1513 4016 Plutar-

500 4075 607 4152 chum,
631 4075 749 4159 Poplic.
773 4077 816 4137 21
840 4075 972 4159 legimus
995 4075 1027 4138 εἰο
1049 4079 1106 4137 rto
1128 4073 1311 4148 Σιβυλλειυν
1332 4069 1512 4145 ἱλοσιέμενοι

500 4194 542 4272 τῷ
569 4193 667 4273 Ἄιδι.
713 4191 876 4256 Praeterea
904 4188 987 4274 apud
1019 4188 1201 4253 Pausanism
1231 4188 1268 4252 L.
1298 4187 1333 4252 11
1359 4186 1395 4252 G.
1419 4185 1511 4250 X16

502 4304 524 4389 ᾧ
551 4309 577 4371 δ’
598 4309 636 4374 ἂν
657 4309 784 4372 ε’νιοιῦθοι
805 4305 914 4370 σοιίιοιν
936 4305 1096 4370 {mutes
1119 4305 1225 4385 θελήσῃ
1246 4329 1308 4375 sse:
1331 4304 1388 4388 qui
1411 4305 1537 4368 tumen'

501 4425 589 4488 locus
610 4447 674 4489 non
696 4433 779 4487 caret
801 4424 849 4487 vel
870 4422 1093 4507 interpretandi
1118 4421 1164 4484 vel
1186 4419 1315 4484 fortasse
1329 4417 1513 4484 emendandi
