3725 5542
831 730 892 791 561

846 924 882 997 cte
908 950 957 989 κεν
981 926 1144 1003 Ἀχιλλεὺς

646 1042 737 1121 δώρων
758 1019 800 1106 εἰτ’
813 1041 951 1121 Πριοίμοιο
973 1042 1076 1123 λιίχρι

355 1164 386 1221 et
409 1157 490 1242 apud
514 1166 653 1221 nostrum
677 1157 755 1221 Isth.
779 1156 862 1221 VIII
887 1160 949 1222 137

667 1277 781 1355 Δωρίων
802 1274 899 1354 ἔλαχε
921 1274 1058 1339 τελίνιινε

356 1413 460 1455 verum
495 1399 596 1455 tamen
632 1391 787 1455 adsentior
817 1389 953 1468 Telelio,
986 1392 1193 1457 accusativum
1226 1392 1308 1473 ἕδραν
1340 1401 1371 1457 et

356 1528 426 1571 cum
448 1515 592 1588 λαχοῖσαι
615 1515 647 1571 et
670 1528 739 1571 cum
763 1508 861 1571 ναίετε
885 1508 1105 1593 conjungenti:
1130 1508 1168 1573 de
1193 1509 1369 1593 hujusmodi
1393 1502 1397 1511 ’

356 1624 524 1708 participiis
547 1624 724 1687 monuimus
747 1623 786 1687 ad
804 1621 855 1687 Ol.
872 1622 937 1688 VII
954 1626 984 1687 2.
1021 1622 1181 1703 Quaedam
1197 1625 1369 1690 similitudo

355 1741 591 1804 constructionis
615 1746 661 1804 est
684 1738 736 1803 Ol.
761 1738 807 1804 VI
833 1741 874 1802 56

656 1858 740 1937 λοίχε
762 1856 790 1923 τ’
813 1858 945 1939 ’Λλφεὸν
967 1858 1061 1923 οίιιεῑν.

355 1974 415 2038 Sed
445 1974 484 2039 de
510 1974 601 2038 verbo
624 1974 698 2037 satis
721 1974 820 2038 multa
842 1974 926 2037 dicta
950 1982 1058 2051 sunto,
1083 1996 1145 2038 rem
1169 1950 1365 2059 explicemus.

399 2090 523 2175 Quippe
546 2090 712 2153 scholiasta
733 2096 821 2153 vetus
845 2090 884 2153 ed
907 2089 939 2153 h.
964 2090 984 2153 l.
1011 2090 1103 2167 dicit,
1128 2090 1290 2154 Eteoclum
1314 2089 1371 2153 Ge·
1467 2154 1473 2161 ,

357 2206 438 2289 phisi
469 2206 568 2270 hlium
593 2205 723 2289 primum
748 2226 834 2267 sacre
855 2206 962 2269 fecisse
985 2204 1124 2282 Gratiis,
1148 2206 1290 2288 idemque
1314 2214 1372 2268 tra

356 2323 436 2385 dunt
459 2321 624 2386 scholiasta
648 2321 686 2384 ad
709 2320 906 2385 Theocritum
931 2321 1023 2407 Idyll.
1049 2320 1127 2384 XVI
1155 2324 1216 2385 104
1240 2331 1271 2385 et
1290 2320 1371 2385 Pau·

356 2440 457 2503 sanias
479 2439 516 2504 L.
539 2438 588 2503 IX
605 2437 640 2503 0.
658 2436 780 2502 XXXV
800 2440 835 2515 l,
851 2459 914 2502 non
931 2444 1031 2502 tamen
1048 2438 1209 2503 Eteoclum
1226 2446 1368 2502 vocantes

357 2558 410 2622 sed
442 2556 614 2621 Eteoclen:
647 2564 679 2619 et
704 2555 874 2619 Pausanias
897 2562 1062 2633 memoret,
1087 2553 1171 2619 hunc
1194 2554 1372 2631 Eteoclcm,

358 2674 475 2738 Andrei
499 2681 530 2737 et
553 2673 692 2758 Euippse
715 2672 831 2749 filium,
855 2672 999 2758 populari
1022 2678 1123 2736 tamen
1149 2674 1228 2737 lema
1244 2671 1369 2757 Cephisi

356 2790 455 2855 filium
485 2763 625 2854 habitrlm
656 2789 767 2865 tuisse,
799 2787 834 2851 0.
863 2786 1003 2851 XXXIV
1029 2790 1067 2865 h,
1092 2797 1123 2852 et
1146 2788 1229 2873 apud
1253 2786 1371 2851 Orcho-

356 2908 473 2971 menioa
488 2905 611 2971 nullum
630 2906 789 2988 antiquius
801 2904 951 2988 templum
964 2905 1058 2967 luisse
1070 2926 1162 2989 qnam
1175 2904 1369 2982 Gratiarum,

358 3020 393 3085 0.
417 3021 594 3086 XXXVIII
620 3024 649 3086 1.
683 3020 822 3085 Eandem
845 3022 1023 3085 memoriam
1047 3021 1173 3105 attingit
1194 3019 1305 3084 Strabo
1328 3018 1366 3083 L.

357 3138 406 3203 IX
437 3161 506 3224 pag.
530 3142 614 3215 414,
639 3138 721 3202 hlm.
748 3140 823 3202 635.
868 3137 1042 3202 Scholiasta
1063 3136 1190 3201 Pindari
1213 3137 1304 3201 etiam
1329 3137 1368 3200 ad

357 3255 530 3320 Hesiodum
560 3260 714 3339 provocat.
758 3254 941 3319 Theocritus
971 3276 1041 3318 vero
1064 3254 1130 3339 ipse
1152 3254 1220 3317 loco
1243 3252 1370 3317 laudato

358 3372 481 3437 Gratias
503 3371 639 3457 appellat

513 3486 729 3555 ὦἜτείιιλιιοι
753 3487 897 3568 ίιίρατρες
921 3487 1000 3563 θεαί,
1023 3488 1055 3552 αί
1078 3487 1211 3553 Μινύειον

515 3606 695 3686 Ὀρχομενὸν
721 3604 878 3687 Φιλίοιται.

358 3722 474 3787 Verum
498 3744 590 3805 quam
613 3720 765 3785 celebrata
786 3720 855 3784 laus
878 3721 944 3805 ejus
969 3719 1070 3783 cultus
1092 3719 1203 3797 fuerit,
1228 3740 1290 3802 quo
1314 3717 1371 3782 Or·

358 3840 499 3905 chomeni
531 3838 655 3903 Gratiae
682 3838 825 3903 adoratus
848 3837 990 3915 luerunt,
1015 3844 1226 3920 quantumque
1250 3836 1277 3899 ei
1300 3835 1371 3899 Pin-

358 3958 451 4021 darus
481 3955 641 4033 tribuerit,
674 3976 736 4019 non
767 3954 878 4019 melius
909 3951 1095 4038 intelligitur
1125 3974 1219 4036 quam
1243 3973 1279 4015 ex
1303 3953 1370 4036 ipso

358 4075 510 4151 Pindaro,
542 4072 597 4158 qui
627 4072 682 4157 Py.
714 4070 781 4135 XII
803 4077 845 4136 45
869 4093 932 4136 non
955 4072 1118 4137 nominans
1141 4068 1368 4134 Orchomenum

359 4192 412 4256 sed
435 4191 609 4276 significans
633 4188 766 4273 appellat
789 4211 855 4253 eam

648 4304 825 4385 καλλίχορον
846 4303 931 4369 ιιίλιν
954 4304 1084 4385 Χαρίτων

585 4467 589 4473 -
647 4420 807 4505 Καφισίδος
835 4421 865 4484 ἐν
885 4420 1009 4498 τεμένει.

1207 4541 1245 4595 36
