3725 5542
967 674 1033 735 884

497 876 624 940 eandem
654 876 746 940 etism
770 876 856 949 Οθνιιν
879 890 1018 939 vocatam
1041 874 1136 940 fnisse
1158 885 1306 941 memoret
1328 876 1503 963 Stephanus

497 992 693 1079 Byzantinus.
728 991 795 1057 Neo
817 994 891 1059 sotis
914 968 1024 1057 ccum
1046 1015 1112 1057 esse
1134 994 1290 1073 existimo,
1313 994 1370 1060 cirr
1391 995 1504 1061 Ortho

496 1114 558 1177 eise
582 1134 691 1177 nomen
714 1134 776 1176 non
795 1135 814 1174 ιι
833 1121 937 1177 monte
955 1119 1125 1196 repetetur,
1150 1113 1304 1198 quomodo
1323 1112 1503 1179 Oenostidis

496 1253 608 1296 nornen
638 1231 676 1296 sb
707 1230 782 1295 urbe
813 1231 971 1317 repetitur.
1017 1229 1139 1309 Quodsi
1161 1230 1200 1297 sb
1222 1231 1277 1295 ills
1299 1232 1503 1319 explicatione

496 1348 712 1415 discedendum
743 1349 801 1427 sit,
832 1350 1002 1413 scrvstricis
1030 1348 1284 1435 significetioncm
1312 1351 1502 1438 sptissimsm

496 1469 684 1555 peterem,
724 1468 815 1553 idque
853 1468 956 1553 ipsum
994 1469 1039 1532 its
1076 1467 1246 1534 Pindarum
1282 1469 1431 1547 voluisse,
1467 1478 1502 1533 nt

365 1584 369 1592 ’
495 1589 630 1673 Tsygete
653 1609 707 1672 pro
730 1587 830 1653 seinte
853 1595 979 1672 scccpte
1000 1609 1120 1651 cervom
1142 1590 1373 1653 consecraverit

455 1704 458 1711 ’
542 1710 594 1771 54.
628 1708 758 1788 ἔγραψεν
793 1704 878 1785 ἱερθν.
921 1706 1062 1770 'lisdnnt
1095 1705 1295 1784 scholirstee,
1330 1707 1363 1772 in
1397 1716 1503 1791 coptse

495 1848 600 1890 cerrce
622 1825 737 1891 cervice
759 1826 883 1889 invente
904 1824 1000 1888 fnisse
1022 1824 1097 1888 hece
1119 1823 1227 1889 verbe:
1258 1824 1403 1903 Ταῦγέπι
1425 1826 1504 1907 ἱερὸν

494 1944 627 2020 θνέθιιιιεν
647 1942 803 2023 Ἀρτέμιδι.
849 1941 989 2007 Fortasse
1016 1942 1054 2006 sd
1077 1964 1144 2007 cern
1167 1943 1397 2029 inscriptionem
1420 1964 1503 2028 spec

495 2072 563 2128 tent
586 2064 676 2129 verbs
699 2062 833 2129 Pindsri.
858 2061 898 2125 Et
920 2062 1048 2145 γράφειν
1069 2061 1194 2147 quidem
1215 2064 1247 2127 in
1263 2063 1500 2129 consecrationis

495 2184 692 2270 inscriptione
715 2181 915 2268 significanda
937 2182 1078 2267 ponitur,
1109 2182 1194 2247 velut
1217 2182 1299 2267 spud
1323 2181 1503 2261 Platonem,

495 2303 543 2368 Dc
573 2302 648 2388 Leg.
679 2301 744 2367 XII
777 2304 840 2365 943
873 2300 898 2365 C
929 2304 970 2373 εἷς
998 2303 1040 2368 ric
1067 2308 1124 2366 τῶν
1153 2308 1318 2380 πολεμικῶν
1346 2303 1413 2367 θεῶν
1441 2303 1504 2383 ἱερὰ

494 2424 657 2505 γράψαντα
679 2424 841 2488 suasim:
866 2431 896 2486 ct
919 2426 984 2485 955
1008 2425 1038 2486 Α
1060 2424 1218 2498 emicas-rx
1235 2422 1364 2506 γράφειν
1378 2425 1407 2489 ἐν
1422 2425 1503 2503 ἱεροῖς
1560 2453 1566 2458 ·

496 2539 535 2614 εἷς
558 2542 593 2607 ἂν
616 2543 712 2623 ἐθέλῃς
737 2550 768 2607 et
790 2541 959 2627 opponitur
979 2541 1068 2617 μηθὲν
1089 2542 1227 2618 ἀνάθημα
1240 2542 1308 2619 μηθ’
1323 2544 1502 2623 ἐπιγραφήν.

495 2661 608 2725 Temen
632 2659 712 2725 idem
737 2658 861 2723 verbum
885 2658 978 2723 etiem
1001 2658 1181 2744 simpliciter
1202 2658 1376 2723 declmdi
1392 2660 1505 2745 signifi-

495 2780 645 2845 ostionem
669 2778 777 2855 habet,
802 2777 887 2841 velut
910 2776 993 2863 apud
1019 2776 1221 2861 Aeschylum,
1245 2779 1354 2862 Agsnr.
1380 2780 1442 2841 8⁰1

672 2896 754 2977 soter·
776 2896 951 2973 eropotm
974 2891 1048 2969 »icta
1069 2896 1276 2975 γεγραμμένος

672 3016 728 3082 οὐδ’
750 3012 782 3081 εὖ
803 3016 951 3095 πραπίδων
973 3014 1061 3081 cim
1081 3016 1183 3092 struo.

495 3136 601 3203 Potest
630 3135 726 3221 igitur
755 3133 855 3199 verbis
885 3133 1011 3198 Pindari
1041 3134 1100 3198 hoe
1131 3133 1199 3198 loco
1228 3133 1295 3219 ipss
1317 3134 1505 3199 consociatio

495 3254 677 3339 significari,
705 3253 903 3338 inscriptione
927 3254 1082 3337 sejuncto:
1106 3261 1138 3315 et
1160 3261 1261 3316 temen
1284 3252 1312 3315 si
1333 3252 1506 3338 inscriptio

495 3374 542 3437 nis
573 3374 655 3457 ejus,
684 3393 773 3456 quom
798 3370 980 3436 scholiastae
1002 3378 1189 3447 memorent,
1212 3371 1337 3454 cognite
1359 3370 1504 3435 Grsecise

496 3491 598 3559 fehnls
621 3490 697 3567 fuit,
721 3490 753 3554 id
777 3490 878 3575 ipsum
902 3489 1023 3553 videtur
1046 3488 1175 3553 sPoets
1197 3487 1364 3553 indicatum
1387 3510 1462 3553 esse.

543 3612 594 3673 56.
629 3608 731 3675 ὄπιθεν.
767 3606 835 3671 Hoc
865 3608 910 3671 its
932 3606 1168 3692 intelligendum
1191 3629 1273 3684 csse,
1298 3616 1334 3670 nt
1356 3629 1411 3691 per
1432 3607 1503 3692 Sep

497 3728 689 3794 temtrionem
712 3726 751 3791 sd
774 3726 972 3791 Occidentem
996 3726 1201 3811 pcnetraverit
1222 3724 1388 3802 Hercules,
1413 3726 1435 3790 ii
1455 3747 1505 3789 ex·

498 3848 649 3923 istimsnt‚
674 3846 727 3932 qni
744 3844 959 3930 Hyperboreos
973 3845 1006 3908 in
1022 3842 1189 3907 Occidente
1204 3843 1362 3929 ponendos
1376 3850 1503 3930 putent:

414 3984 418 3993 '
498 3968 549 4033 cni
571 3988 628 4051 ego
651 3965 819 4030 sententies
842 3986 903 4029 non
927 3963 1092 4027 secutio:
1115 3984 1221 4027 cerum
1243 3961 1401 4040 illelom,
1424 3984 1504 4048 quse

498 4084 699 4171 hyperborea,
725 4084 755 4148 id
779 4090 825 4147 est
847 4104 942 4167 snpra
962 4080 1085 4145 borccrn
1107 4082 1188 4157 sint,
1216 4082 1254 4145 iis
1277 4082 1415 4145 existimo
1438 4103 1504 4145 esse

499 4225 576 4289 pone
592 4196 729 4279 borean,
746 4202 801 4287 qni
816 4222 852 4265 eo
868 4222 903 4264 er
921 4200 997 4264 locis
1013 4199 1093 4263 infra
1107 4198 1230 4263 boream
1245 4199 1353 4285 positis
1365 4200 1503 4264 veniunt.

544 4323 595 4384 58.
630 4326 686 4385 τῶν
720 4343 770 4384 νιν.
804 4317 917 4383 Eorum
952 4318 1113 4394 arborum,
1149 4339 1227 4403 quse
1260 4327 1334 4381 tnnc
1368 4316 1502 4395 videret,

500 4460 581 4503 nunc
612 4460 681 4503 enin
712 4436 898 4501 desiderium
929 4437 1026 4521 cepit:
1058 4444 1129 4520 epte
1150 4447 1183 4501 et
1204 4437 1352 4501 concinne
1374 4434 1413 4499 cd
1435 4458 1503 4521 pro
