3725 5542
832 744 895 804 345

360 940 474 1019 ἀπήνη,
505 944 585 1021 475,
611 945 691 1017 324,
717 946 799 1009 447ι
824 950 855 1006 et
879 940 980 1007 tainen
1006 945 1070 1005 440
1095 938 1198 1021 ὅρμοι,
1224 940 1307 1025 quod
1332 927 1402 1003 oe·⁴

361 1061 502 1143 teroquiu
541 1062 631 1125 etiam
656 1084 778 1127 currum
803 1084 952 1147 equorum
976 1061 1146 1147 significare
1170 1060 1258 1125 solet.
1304 1056 1377 1122 Orn-

360 1178 434 1243 nino
454 1178 553 1263 ipsum
573 1202 684 1245 nomen
704 1180 773 1262 ὄχος
791 1180 868 1245 nihil
887 1180 972 1245 aliud
988 1179 1157 1265 significare
1177 1176 1299 1242 videtur
1315 1177 1375 1247 uiei

363 1297 551 1363 vehiculum:
577 1299 661 1365 velut
684 1300 766 1385 apud
791 1300 970 1387 Euripidem
995 1300 1097 1385 Iphig.
1121 1294 1378 1377 Τ371ἕνιὶρμοὶ·

361 1442 417 1481 των
435 1417 522 1497 ὄχοις.
545 1418 585 1482 ut
603 1420 685 1505 apud
703 1421 805 1506 ipsum
817 1421 988 1487 Pindarum
1000 1420 1055 1505 Pp.
1068 1419 1114 1483 IX
1132 1421 1169 1482 17
1180 1444 1187 1481 :
1200 1416 1254 1482 ubi
1266 1414 1378 1503 Apollo

362 1535 499 1619 Cyrenen
525 1539 626 1602 avexit
649 1544 764 1621 χρυσέῳ
786 1540 888 1624 δίφρῳ,
916 1549 948 1605 et
967 1540 1178 1604 advenientem
1193 1536 1307 1621 excipit
1321 1533 1380 1597 Ve-

362 1678 438 1733 nua,
461 1656 624 1734 θεοδμάτων
647 1656 739 1739 ὀχέων
758 1660 971 1739 ἐφαπτομένας
987 1681 1044 1725 nec
1062 1657 1224 1742 quiequam
1243 1665 1326 1719 certe
1344 1653 1378 1717 ii·

363 1774 426 1839 lum
459 1796 585 1841 aureum
613 1798 735 1841 currum
760 1785 791 1843 et
814 1776 955 1843 divinum
981 1777 1027 1842 vel
1050 1775 1142 1841 mulis
1166 1775 1213 1840 vel
1236 1771 1378 1839 mulabus

358 1894 501 1977 junctum
524 1894 618 1959 fuiese
634 1894 833 1961 affirmaverit.
859 1895 942 1981 Ergo
960 1895 1145 1961 vocabulum
1162 1895 1255 1975 ὀχέων
1270 1894 1302 1958 in
1320 1894 1379 1957 vic·

363 2012 442 2076 toria
460 2013 545 2097 equis
564 2021 717 2099 reportata
735 2024 815 2081 recte
832 2017 958 2081 omuino
978 2017 1051 2101 poni
1066 2014 1178 2099 potuit.
1203 2011 1320 2077 Verum
1335 2024 1378 2075 ta·

363 2154 430 2196 men
452 2132 511 2196 alia
528 2134 668 2217 quaestio
686 2142 746 2213 est,
763 2157 802 2199 an
818 2136 988 2201 necessario
1004 2134 1154 2199 debuerit.
1178 2131 1272 2213 Quod
1291 2152 1378 2195 secus

364 2273 427 2315 esse
451 2250 586 2327 videtur,
611 2264 655 2329 et,
680 2254 707 2318 si
728 2252 797 2335 ὄχος
821 2254 953 2339 quodvis
976 2252 1151 2317 vehiculum
1177 2250 1377 2337 significavit,

364 2378 426 2433 tam
449 2368 487 2433 do
508 2370 601 2435 rheda
620 2371 731 2437 mulari
752 2394 844 2457 quam
860 2372 897 2437 de
915 2394 1008 2436 curru
1025 2392 1172 2455 equorum
1186 2369 1247 2434 dici
1266 2368 1377 2455 potuit.

407 2488 448 2551 ut
471 2488 554 2569 ὄχοις
578 2489 699 2573 quidem
725 2500 756 2554 et
777 2492 849 2571 ὄχον
873 2490 999 2556 eandem
1024 2489 1278 2575 significationem
1298 2510 1377 2566 esee,

365 2608 438 2671 eatis
462 2628 487 2671 et
502 2607 608 2671 multis
641 2608 715 2673 locis
748 2618 777 2673 et
801 2609 907 2674 eloco
940 2609 1116 2695 Euripidis,
1149 2630 1241 2695 quem
1269 2607 1377 2683 attuli,

365 2736 507 2812 apparet:
542 2750 638 2812 quum
669 2730 752 2813 prior
780 2728 878 2793 forma
902 2728 1037 2793 Homero
1060 2729 1157 2813 magis
1181 2727 1304 2813 propria
1327 2727 1377 2791 ait.

364 2845 516 2911 Pindarus
547 2856 665 2924 autem,
698 2846 747 2913 Ol.
781 2847 828 2912 VI
858 2851 920 2926 40,
954 2870 1094 2935 expresse
1125 2846 1200 2911 dicit
1232 2844 1318 2926 ἔνοχον
1342 2844 1380 2911 de
1426 2829 1429 2834 ¹

364 2964 459 3030 rheda
488 2966 615 3043 mulari,
647 2968 678 3031 iu
710 2966 858 3053 ejusmodi
891 2968 1020 3032 victoria
1050 2966 1247 3031 celebranda:
1281 2973 1312 3029 et
1340 2964 1379 3029 ad

365 3107 433 3149 oum
464 3084 567 3150 iocum
599 3078 764 3149 annotatur
793 3108 811 3148 a
839 3094 938 3150 vetere
969 3084 1150 3149 scholiasta:
1186 3084 1219 3149 τὸ
1241 3084 1271 3149 δὲ
1292 3082 1379 3165 ὄκχον

365 3212 445 3269 κοντοὶ
469 3204 501 3270 τὸ
525 3212 662 3270 πλεῖστον
685 3205 732 3271 ἐπὶ
756 3211 813 3269 τῶν
836 3204 957 3283 ἡμιόνων
979 3204 1114 3269 τιθέιοοιν.
1151 3201 1252 3282 Quem
1277 3204 1378 3267 locum

365 3330 444 3388 reete
476 3323 582 3389 attulit
610 3323 802 3402 Boeokhius,
836 3332 867 3388 et
890 3331 1044 3409 praeterea
1068 3323 1156 3387 affert
1178 3321 1377 3405 Hesychium.

273 3448 277 3457 '
365 3442 445 3507 Nam
475 3450 521 3507 est
545 3443 626 3528 apud
650 3442 751 3507 huuc:
777 3446 943 3509 Ἀκοστοιῑοι
958 3442 1039 3524 ὄχοι,
1058 3442 1198 3507 Σικελικὰ
1214 3442 1376 3522 ὀχήματος

364 3570 412 3624 ct:
433 3560 533 3640 Ὀχος
557 3564 750 3635 Ἀκεοτονῑος,
775 3560 837 3624 ἐπεὶ
861 3560 892 3623 ai
919 3558 1069 3623 Σικελικαὶ
1091 3557 1197 3634 ἡμίονοι
1213 3555 1377 3621 σπουδαῖοι·

365 3677 610 3753 ἦνδέἌιιεοτος
635 3683 782 3750 Σικελίας.
830 3676 919 3758 Quae
943 3698 1039 3761 quum
1063 3676 1107 3739 ita
1133 3676 1207 3758 sint,
1235 3673 1323 3738 nulla
1346 3674 1378 3737 in

365 3820 400 3861 eo
434 3798 581 3863 vocabulo
616 3819 707 3861 causa
741 3806 804 3872 eet,
838 3818 892 3861 eur
923 3797 955 3860 in
987 3794 1105 3859 victrici
1137 3793 1239 3859 rheda
1268 3792 1379 3857 molari

367 3917 522 3981 laudanda
546 3916 712 3981 Pindarum
738 3938 772 3979 eo
798 3938 886 3979 usum
911 3937 976 3979 esse
1000 3936 1156 4000 negemur.

417 4035 499 4122 Ergo
522 4038 565 4100 sie
586 4042 704 4113 statuo,
721 4036 779 4099 hoc
796 4056 915 4099 carmen
932 4043 1074 4118 quartum
1093 4055 1110 4096 a
1125 4032 1258 4096 Pindaro
1274 4032 1377 4095 datum

365 4156 457 4220 fuisse
482 4155 589 4219 victori
613 4155 717 4218 atatim
743 4160 812 4239 post
837 4160 1022 4238 reportatam
1043 4151 1218 4216 victoriam:
1236 4149 1379 4234 deinceps
1496 4196 1506 4217 ι

366 4296 436 4337 vero
472 4274 502 4337 in
535 4272 661 4357 patriam
695 4271 837 4337 redeunti
869 4271 914 4335 vel
945 4273 1007 4356 jam
1039 4270 1143 4334 reduci
1176 4269 1281 4333 datum
1313 4290 1378 4331 esse

367 4400 490 4477 propter
514 4390 638 4455 eandem
664 4391 823 4455 victoriani
848 4412 970 4455 carmen
994 4390 1146 4474 quintum.

411 4509 449 4575 in
470 4517 603 4595 tempore
628 4517 727 4574 nutem
753 4508 927 4573 definiendo
942 4529 1002 4573 non
1021 4517 1084 4583 eat,
1102 4529 1157 4570 our
1172 4530 1190 4569 a
1206 4506 1378 4571 scholiastis
