3725 5542
842 685 906 748 eor
951 645 952 650 Ν

367 880 482 944 laetum
506 881 640 966 primum
663 881 770 946 infelix
792 889 824 944 et
845 880 950 958 exani,
975 887 1006 944 et
1025 880 1134 944 iterato
1150 878 1231 942 facto
1247 877 1306 942 sibi
1319 879 1383 962 jam

365 996 459 1060 vitam
488 1019 552 1062 non
575 997 641 1061 deae
663 997 787 1061 vitalem
811 996 988 1060 existimans
1011 994 1154 1060 incubuit
1177 1016 1232 1058 auo
1255 993 1382 1077 gladic?

364 1111 480 1178 Herod.
504 1113 541 1177 L.
565 1114 583 1177 I
599 1116 741 1178 35-45.
774 1117 824 1176 An
841 1113 961 1176 veroin
976 1112 1095 1195 reliqua
1111 1111 1236 1196 quidem
1253 1111 1382 1174 Graecia

362 1249 399 1290 ea
420 1229 574 1293 sententia
594 1229 671 1305 fuit,
696 1229 734 1294 ab
758 1228 901 1313 Olympia
923 1250 994 1292 vero
1014 1236 1045 1291 et
1060 1227 1190 1292 maxime
1207 1248 1293 1291 sacro
1309 1226 1379 1291 luco

361 1343 482 1408 abfuit?
515 1345 660 1410 Attamen
682 1346 826 1429 legimur,
851 1344 1013 1430 Olympiae
1035 1345 1067 1408 iu
1087 1343 1176 1408 donis
1192 1345 1374 1408 consecratis

359 1460 454 1525 luiaee
491 1461 600 1528 bouem
629 1485 776 1539 aeneum,
808 1461 1027 1546 aCorcyraeie
1063 1461 1228 1526 donatum:
1262 1461 1379 1524 factum

360 1585 461 1642 antem
485 1601 550 1643 eeee
574 1601 646 1644 caen
669 1580 816 1657 fortuito,
841 1588 878 1642 ut
899 1579 1046 1662 parvulus
1070 1600 1146 1663 puer
1169 1578 1226 1643 eub
1251 1600 1286 1640 eo
1302 1578 1379 1642 hove

359 1693 468 1760 sedena
492 1695 630 1773 luderet,
654 1705 686 1760 et
703 1697 914 1781 imprudenter
929 1696 1052 1763 sublato
1068 1697 1166 1782 eapite
1183 1697 1379 1762 collideretur

359 1815 404 1878 iu
433 1821 468 1878 ui
495 1814 577 1877 iutra
600 1834 713 1897 paucos
735 1812 802 1876 dies
826 1813 952 1878 vulnere
975 1813 1136 1878 absumtua
1160 1821 1247 1878 esset.
1294 1813 1377 1878 Tum

359 1930 427 1995 Elei
458 1930 567 1994 bovem
597 1930 695 2006 huuc,
725 1929 781 1994 ὅτε
811 1927 918 2006 αἵματι
945 1929 1044 2010 ἔνοχον
1051 1977 1060 2008 ,
1087 1937 1123 1994 ut
1146 1930 1246 1995 caedis
1269 1953 1378 2008 reum,

362 2069 399 2112 ex
429 2046 496 2111 Alti
523 2053 683 2131 exportare
706 2047 885 2110 voluerunt:
909 2045 964 2110 eod
988 2047 1073 2110 Deua
1095 2047 1266 2131 Delphicus
1286 2048 1380 2132 jussit

356 2163 449 2228 illum
470 2185 507 2227 oo
530 2162 593 2228 ritu
607 2163 741 2247 expiari,
758 2183 821 2245 quo
837 2162 948 2226 Graeci
964 2163 1097 2226 solerent
1118 2163 1164 2226 uti
1179 2165 1213 2226 in
1229 2164 1379 2248 expianda

362 2279 455 2344 oaede
477 2279 694 2344 involuntario.
728 2279 860 2344 Pauaan.
880 2279 918 2344 L.
935 2279 965 2341 V
980 2279 1015 2346 Ο.
1033 2279 1161 2346 XXVII
1178 2283 1207 2344 6.
1245 2283 1288 2345 dt
1304 2305 1377 2348 sane

354 2397 504 2480 Diagorae
526 2419 590 2461 nou
613 2396 764 2481 expianda
785 2396 839 2460 aed
862 2396 1020 2462 laudanda
1046 2399 1247 2482 perpetravit.

401 2512 531 2578 Carmen
563 2513 621 2577 hoo
651 2512 796 2588 Pindari,
828 2521 865 2576 ut
895 2513 929 2576 iu
963 2513 1088 2578 scholiis
1111 2514 1260 2593 traditur,
1286 2515 1379 2599 idque

351 2630 417 2715 jam
439 2631 544 2715 attigi,
568 2631 669 2695 aureis
692 2630 788 2694 literis
811 2628 914 2694 Rhodi
938 2631 971 2695 in
995 2630 1111 2715 templo
1134 2630 1291 2696 Minervae
1306 2631 1379 2696 Lin-

356 2745 425 2812 diae
456 2757 664 2812 consecratum
690 2754 748 2814 eet.
794 2745 862 2810 Nec
884 2748 1006 2812 mirum.
1053 2747 1157 2813 Habet
1179 2749 1260 2813 enim
1284 2749 1378 2812 inere·

356 2863 481 2928 dibilem
498 2863 650 2947 Diagorae
660 2862 808 2928 laudandi
819 2864 1020 2940 suavitatem,
1034 2862 1120 2926 etita
1133 2864 1172 2928 ad
1185 2863 1377 2930 Rhodiorum

356 2980 485 3065 gloriam
507 2981 691 3046 ornandam.
698 2981 850 3064 pertinet,
874 2989 911 3047 ut
933 3002 997 3044 uon
1021 2982 1178 3065 potuerint
1193 2982 1377 3066 praeclarius

355 3106 588 3160 monumentum
611 3118 734 3180 ponere.

398 3211 438 3276 In
460 3211 578 3276 acholio
601 3221 702 3276 vetere
725 3211 764 3275 ad
784 3213 1015 3298 inscriptionem
1033 3221 1219 3278 memoretur
1235 3213 1372 3298 Apollas.

353 3328 440 3394 Idem
465 3350 576 3394 nomeu
599 3329 730 3412 legimus
754 3329 839 3414 apud
862 3329 1074 3407 Athenaeum,
1091 3329 1127 3394 L.
1146 3329 1193 3394 IX
1210 3353 1279 3415 pag.
1297 3334 1373 3410 369,

353 3447 510 3533 scriptoria
533 3447 573 3510 de
594 3446 724 3512 urbibus
746 3446 963 3532 Peloponnesi.

398 3681 567 3746 Exordium
597 3681 712 3745 laeieua
742 3686 900 3764 comparat
929 3680 1025 3744 Poeta
1057 3703 1113 3746 aua
1144 3681 1279 3746 carmina
1301 3703 1372 3748 cum

353 3807 459 3882 patera
472 3819 582 3876 aurea,
601 3819 696 3881 quam
712 3797 807 3862 donet
821 3797 853 3861 iu
869 3797 987 3882 nuptiis
1003 3819 1088 3862 socer
1102 3819 1230 3882 genero:
1251 3801 1370 3863 1-17.

353 3915 483 3980 Accedit
512 3915 551 3980 ad
578 3915 685 3981 laudea
708 3915 904 3980 celebrandas
927 3914 1048 3990 Rhodi,
1074 3915 1240 4000 Diagorae,
1267 3923 1298 3980 ot
1321 3939 1371 4000 pa·

352 4034 409 4097 tria
440 4031 507 4115 ejus
540 4031 716 4117 Demageti:
752 4033 892 4096 17-35.
938 4029 1084 4096 Narratio
1113 4031 1153 4095 de
1174 4031 1369 4117 Tlepolemo,

354 4149 507 4233 quomodo
537 4149 581 4225 ie,
608 4150 709 4213 oecieo
732 4148 911 4234 Licymnio‚
932 4151 1024 4236 jussu
1047 4149 1201 4234 Apollinis
1221 4149 1369 4214 ,Rhodum

353 4267 476 4332 abierit:
502 4269 645 4331 86-62,
691 4266 730 4330 In
755 4289 821 4331 eam
844 4289 863 4330 a
883 4267 960 4332 Jove
979 4268 1145 4333 demissum
1162 4289 1227 4332 esse
1243 4289 1367 4345 aurum,

352 4406 449 4469 quum
471 4391 647 4448 nosceretur
670 4384 825 4461 Minerva,
850 4391 882 4448 et
898 4384 980 4449 Solis
995 4384 1115 4449 monitu
1130 4382 1268 4448 Rhodios
1286 4383 1367 4448 Deae
