3725 5542
1024 734 1088 793 480
1145 818 1164 845 ο

553 930 698 1014 pbictyon
728 950 856 1013 regnum
889 928 1020 993 Athenis
1051 929 1201 995 habuerit.
1248 930 1307 997 Sed
1340 935 1399 999 luit
1421 935 1501 1001 illud
1526 939 1567 1001 ad

551 1056 690 1131 tempus,
722 1057 758 1110 ut
787 1047 876 1111 docel
906 1047 1092 1127 Pausanias,
1123 1048 1160 1113 L.
1188 1049 1264 1114 10.
1288 1051 1323 1115 II
1347 1056 1385 1131 5,
1408 1062 1439 1119 et
1461 1058 1566 1140 pptuit

425 1228 431 1237 ‚
551 1164 752 1228 Locrensium
773 1165 904 1228 retinere
927 1166 1089 1250 imperinm
1112 1166 1238 1252 filioque
1261 1168 1381 1235 tradere
1402 1172 1451 1236 vel
1474 1174 1566 1237 relin-

549 1305 652 1367 quere.
686 1281 790 1367 Ipsius
812 1282 1010 1347 Deucalionis
1033 1283 1192 1363 tumulus,
1217 1296 1253 1351 ut
1277 1286 1387 1353 Strabo
1410 1302 1562 1355 memorat

550 1400 586 1464 L.
611 1400 658 1463 IX
683 1424 713 1486 p.
738 1402 803 1463 425
828 1400 909 1464 Alm.
936 1404 1019 1478 etl,
1044 1402 1175 1468 Athenis
1204 1405 1441 1485 ostendebatur,
1465 1431 1565 1493 quum

548 1520 684 1604 Pyrrhae
698 1518 838 1583 tumulus
853 1526 933 1583 esset
948 1518 1026 1605 Gyui
1042 1520 1074 1583 iu
1089 1518 1238 1587 Locride:
1255 1544 1311 1587 uec
1322 1532 1424 1589 amen
1438 1538 1565 1611 propter

549 1658 616 1702 eam
638 1658 702 1701 rem
725 1636 947 1701 Deucalionem
969 1635 1009 1699 ad
1033 1638 1269 1704 Atheniensium
1292 1642 1507 1727 potiusquam
1523 1644 1563 1707 ad

546 1754 745 1819 Locrensium
768 1754 985 1839 antiquitatem
1009 1754 1159 1819 retuleris.

593 1876 645 1935 85.
680 1870 777 1948 Satis,
800 1872 860 1935 nisi
882 1870 989 1949 fallor,
1009 1872 1116 1950 docui,
1134 1872 1288 1955 quomodo
1305 1874 1456 1939 Pindarus
1471 1878 1566 1962 origi·

546 2012 601 2053 nes
620 2011 727 2073 regum
742 1987 910 2053 Locrorum
926 1991 1157 2053 consecraverit.
1191 1989 1261 2054 Jam
1277 2012 1356 2074 quae
1371 2007 1561 2076 sequuntur,

547 2108 586 2171 dc
608 2105 734 2192 Opunte
757 2106 874 2171 adscito
897 2104 989 2171 Locri
1011 2106 1092 2184 filio,
1118 2130 1153 2171 eo
1176 2129 1238 2171 uon
1261 2108 1433 2192 portinent,
1450 2110 1504 2173 sed
1520 2111 1562 2174 ad

547 2224 735 2290 laudandum
760 2224 900 2289 divinum
921 2223 1103 2288 beneficium
1120 2226 1152 2288 iu
1168 2226 1295 2310 stirpem
1310 2226 1395 2291 illam
1412 2227 1561 2291 collatum

547 2352 580 2408 ct
594 2342 632 2407 ad
648 2342 859 2407 celebrandam
876 2342 970 2405 unius
986 2363 1022 2405 ex
1034 2364 1070 2405 ea
1081 2340 1241 2407 clarissimi
1252 2342 1352 2407 herois
1365 2346 1561 2409 memoriam:

546 2460 660 2546 quippe
683 2482 780 2545 quum
802 2458 921 2523 Loortu
945 2458 1099 2522 videretur
1121 2460 1187 2524 sine
1209 2462 1354 2546 progenie
1375 2464 1561 2541 moriturus,

546 2579 618 2643 huic
641 2601 660 2641 a
681 2578 758 2641 Jove
781 2577 929 2641 donatum
954 2600 1018 2641 esse
1042 2577 1157 2655 filium,
1182 2600 1312 2662 eumque
1335 2582 1560 2664 praestantissi-

545 2720 631 2762 mum
654 2698 815 2761 exstitisse.
861 2695 937 2760 Rem
962 2697 1056 2781 igitur
1078 2720 1189 2761 trovam
1213 2718 1309 2781 quum
1333 2698 1485 2777 ordiatur,
1510 2722 1563 2763 co-

545 2815 650 2902 pulam
673 2837 737 2878 uou
760 2813 910 2879 adhibuit
951 2816 1019 2895 Πρὶν
1043 2816 1204 2900 antiquum
1228 2824 1350 2902 tempus
1374 2824 1461 2881 notat
1483 2840 1560 2882 cum

546 2934 712 3019 posteriore
742 2940 969 3017 comparatum:
1001 2952 1073 2995 nam
1102 2932 1355 3017 praecedentibus
1378 2934 1560 3017 complexus

544 3051 604 3115 luit
625 3049 721 3114 Poeta
742 3072 864 3114 omnem
886 3072 994 3133 regum
1018 3036 1141 3113 seiiem:
1165 3051 1260 3134 igitur
1279 3072 1359 3135 quae
1374 3058 1561 3115 narraturus

544 3175 606 3246 est,
630 3191 666 3232 ea
689 3167 728 3231 ad
751 3168 844 3252 hujus
867 3168 957 3231 seriei
980 3168 1194 3251 antiquitatem
1217 3168 1370 3253 pertinere
1392 3169 1560 3253 significat.

590 3288 643 3350 86.
679 3286 814 3365 θύγατρ’
837 3283 1005 3356 Ὀπόεντος.
1042 3285 1145 3370 Hujus
1168 3284 1305 3371 Opuntis
1324 3309 1422 3372 genus
1438 3288 1563 3371 ignora-

542 3428 627 3469 mus:
644 3403 799 3490 Opuntem
815 3403 927 3469 Dleum
944 3412 1092 3469 memorat
1107 3403 1270 3468 scholiasta
1288 3404 1326 3467 ad
1339 3404 1441 3491 Apoll.
1455 3404 1560 3471 Rbod.

542 3521 580 3586 L.
605 3521 622 3585 I
646 3524 706 3600 69,
729 3520 830 3585 Elidis
852 3544 956 3606 regem
979 3521 1114 3607 appellat
1136 3521 1301 3585 scholiasta
1323 3520 1363 3585 ad
1386 3522 1469 3587 hunc
1483 3522 1561 3587 Pin·

543 3643 610 3706 dari
632 3642 745 3705 locum.
792 3640 834 3704 Ilt
856 3663 893 3704 ex
916 3641 984 3727 ipso
1008 3639 1134 3724 quidem
1157 3639 1291 3703 Pindaro
1314 3641 1387 3703 satis
1410 3652 1558 3725 apparet,

543 3784 645 3845 regem
668 3759 822 3844 Dpeornm
845 3758 1020 3843 significari.
1063 3756 1186 3822 Nomen
1210 3760 1276 3842 ejus
1298 3758 1379 3822 filiae
1402 3756 1558 3821 Pindarus

544 3878 631 3941 silet:
662 3878 757 3941 luisse
787 3898 854 3940 eam
879 3876 993 3961 pariter
1016 3898 1051 3940 ac
1074 3876 1272 3939 Deucalionis
1294 3875 1389 3940 filiam
1412 3876 1561 3961 Protoge-

542 3996 624 4060 niam
660 3994 844 4079 appellatam
881 3993 1041 4058 contendit
1074 3992 1266 4057 Boeckhius:
1303 4000 1334 4057 ct
1367 3994 1400 4057 in
1430 3992 1559 4057 scholiis

542 4114 666 4197 quidem
690 4112 845 4176 veteribus
869 4112 964 4176 adh.
988 4111 1009 4175 l.
1034 4111 1147 4175 dicitur
1169 4110 1321 4175 Pindarus
1345 4110 1395 4175 hic
1411 4110 1559 4195 Protoge-

539 4234 622 4296 niam
651 4231 806 4317 appellare
828 4230 923 4295 filiam
947 4229 1082 4315 Opuntia
1107 4252 1191 4307 eam,
1216 4252 1294 4314 quae
1318 4230 1486 4294 secuudum
1509 4252 1554 4294 re·

539 4351 640 4437 liquos
662 4349 861 4415 Deucalionis
884 4348 1009 4413 luisset:
1034 4356 1127 4432 atque
1150 4348 1183 4411 in
1206 4346 1323 4411 scholio
1347 4356 1447 4411 vetere
1463 4346 1502 4411 ad
1519 4368 1555 4410 ss

540 4474 583 4535 64
617 4469 732 4534 dicitur
765 4467 950 4552 Protogenia
985 4465 1155 4531 secundum
1186 4464 1335 4551 quosdam
1366 4466 1459 4529 luisse
1488 4466 1557 4531 filia
