3725 5542
825 752 890 814 428

351 953 523 1017 τελέοτοιτο
544 957 600 1016 τῶν
622 952 717 1028 μύρων
739 952 892 1032 ἀποφορὰς
915 949 1010 1030 ὥσπερ
1028 953 1061 1016 ἐκ
1076 963 1175 1028 πηγῆς
1190 961 1242 1018 τοῦ
1257 955 1364 1020 Atros

352 1069 596 1148 προσβάλλοντος.

398 1189 450 1251 62.
485 1187 562 1252 ἔνθα.
597 1185 773 1269 Descriptio
796 1185 874 1262 loci,
898 1207 961 1270 quo
985 1186 1134 1270 proficisci
1150 1186 1363 1272 Tlepolemum

352 1311 523 1388 oporteret,
547 1324 610 1366 nou
634 1310 681 1365 est
701 1300 873 1386 Apollinis,
889 1300 944 1365 sed
959 1301 1090 1368 Poetae:
1108 1302 1253 1368 Rhodum
1270 1306 1363 1389 signi-

352 1421 454 1484 ficarit
483 1419 599 1506 Apollo
628 1420 667 1483 iis
698 1418 798 1484 verbis
820 1418 934 1504 quihus
958 1419 1072 1496 voluit,
1096 1420 1248 1486 Pindarus
1272 1445 1363 1500 vero,

352 1537 390 1602 ad
419 1538 594 1622 antiquiora
623 1538 664 1602 de
694 1536 805 1602 Rhodo
827 1535 979 1602 narranda
1002 1539 1208 1616 transiturus,
1234 1539 1291 1604 hac
1314 1540 1363 1606 de-

352 1655 517 1739 scriptione
533 1655 658 1740 oopulat
672 1654 727 1718 illa
741 1675 813 1717 curn
829 1675 865 1717 ea
879 1654 1069 1732 narratione,
1086 1676 1178 1738 quam
1189 1655 1362 1722 institutam

348 1772 493 1837 habebat
846 1837 848 1842 .

393 1892 444 1953 63.
480 1889 585 1970 βρέχε.
621 1887 673 1952 Ol.
710 1887 741 1951 X
779 1889 820 1948 ‘2
851 1887 978 1967 βρέχετο
1009 1897 1110 1972 πολλᾷ
1145 1885 1245 1972 vacus
1300 1890 1363 1954 Ho-

344 2027 448 2070 merus
471 2004 509 2068 Il.
535 2004 570 2068 II
595 2007 658 2070 670

455 2122 508 2187 sat
529 2129 601 2204 οφον
622 2121 769 2186 landrica
793 2126 919 2185 τλοῦτον
943 2121 1091 2201 κατέχευε
1112 2125 1240 2202 Κρονίων.

343 2239 446 2320 Quem
468 2261 590 2304 versum
612 2238 780 2303 scholiasta
802 2246 890 2303 vetus
913 2237 952 2302 ad
977 2238 1007 2303 h.
1032 2237 1053 2303 l.
1071 2240 1211 2324 spurium
1223 2241 1358 2326 judicat:

344 2358 442 2422 utitur
473 2366 577 2422 tamen
607 2379 644 2421 eo
675 2356 804 2434 Strabo,
836 2355 873 2420 L.
903 2355 983 2420 XIV
1011 2379 1041 2442 p.
1067 2359 1141 2421 654.
1189 2358 1358 2435 Aristides,

344 2473 445 2538 Rhod.
470 2473 486 2536 I
510 2476 593 2539 854:
617 2473 669 2539 acl
690 2471 822 2554 Ὅμηρος
844 2474 899 2550 μὲν
921 2478 1048 2540 πλοῦτον
1067 2474 1126 2550 ἔφη
1141 2475 1297 2555 mezler
1311 2477 1360 2541 τὸν

344 2590 406 2657 Δίον
432 2601 470 2672 τῇ
497 2593 573 2670 νήσῳ
598 2591 648 2656 asi
679 2599 739 2664 τοῖς
769 2591 833 2672 περὶ
862 2590 1061 2668 Τληπόλεμον
1088 2593 1232 2672 προγόνοις
1260 2594 1356 2670 ὑμῶν,

343 2711 393 2774 net
424 2709 562 2791 Πίνδαρος
592 2709 779 2788 παραλαβὼν
800 2706 869 2775 draus
892 2709 1002 2790 χρυσὸν
1025 2711 1149 2792 νεφέλην
1170 2709 1275 2786 Ioudda
1298 2715 1359 2774 ἐτο-

342 2827 506 2901 οτῆοοιτο.
551 2825 726 2892 Scholiasta
755 2834 843 2890 vetus
874 2825 914 2890 ad
947 2825 998 2890 Ol.
1034 2825 1069 2890 II
1103 2829 1142 2890 ld
1172 2849 1209 2892 ex
1232 2827 1360 2892 Pindari

342 2944 475 3008 carmine
505 2942 665 3028 deperdito
695 2942 783 3008 affert
813 2942 851 3007 de
880 2941 1032 3008 'Pheronia
1055 2944 1223 3029 majoribus
1247 2944 1357 3010 Rhodo

343 3059 500 3125 oriundis:
524 3057 630 3125 ἕοτετο
653 3060 678 3123 δ’
700 3060 822 3125 οὶεννοὶου
844 3059 973 3124 τλούτον
994 3058 1097 3142 aldor:
1115 3059 1236 3146 Ilragm.
1253 3060 1355 3147 Heyn.

341 3175 455 3241 Iucert.
485 3179 565 3253 167,
589 3175 727 3240 Boechh.
752 3179 795 3240 84
819 3175 949 3241 Ilucom.
974 3174 1059 3240 VIII
1083 3179 1113 3241 2.

387 3296 439 3359 65.
474 3295 567 3374 οἱνὶρί.
604 3295 719 3360 Dicens
738 3295 852 3372 Poeta,
869 3303 938 3360 tum
953 3317 1076 3360 auream
1093 3294 1232 3380 pluriam
1247 3318 1265 3360 a
1279 3295 1356 3361 Jove

341 3409 463 3489 datam,
487 3433 584 3495 quum
606 3420 783 3476 maceretur
806 3411 961 3488 Minerva,
982 3411 1041 3476 hoo
1055 3412 1100 3476 ita
1114 3411 1354 3496 intelligendum

341 3538 405 3608 est,
438 3551 500 3594 uon
531 3529 680 3594 continno
710 3529 743 3593 in
772 3528 849 3613 ipsis
871 3528 955 3594 Deae
978 3527 1132 3594 natalibus
1157 3527 1215 3592 hoe
1237 3529 1354 3594 lactum

340 3669 424 3724 esse,
460 3646 514 3711 sed
549 3645 778 3731 quamprimum
811 3653 882 3729 post
915 3655 1020 3709 nalem
1051 3645 1166 3723 Deam,
1199 3668 1297 3730 quum
1327 3648 1354 3711 ei

341 3785 428 3828 sacra
450 3762 565 3828 Rhodii
587 3762 750 3828 tulissent:
776 3761 846 3827 vide
868 3784 903 3826 rs
928 3765 980 3828 79.

387 3882 439 3944 65.
476 3882 654 3962 ‘Apaturos
690 3879 755 3945 Alii
785 3879 1004 3944 Prometheum
1035 3879 1170 3944 adfuisse
1199 3879 1271 3944 Jovi
1299 3881 1358 3944 Mi-

341 4015 466 4057 nervam
481 3994 613 4078 parienti
629 3994 748 4073 dixere,
765 3995 818 4059 alii
832 3994 946 4060 alium:
964 3994 1032 4059 ride
1048 3993 1179 4060 scholia:
1196 3993 1354 4058 Lucianus

340 4108 533 4174 Vulcanum:
557 4111 631 4176 dial.
655 4112 748 4176 Deor.
775 4115 804 4176 8.

390 4230 442 4293 ⁷⁰.
477 4228 585 4308 μαὀτηρ.
621 4228 723 4291 Mater
746 4229 900 4305 omnium,
924 4250 1026 4292 rerum
1051 4230 1245 4314 procreatrix.

389 4347 440 4410 tu.
476 4345 585 4421 μέλλον
600 4346 735 4411 ἔντειλεν.
771 4345 875 4410 Liberi
892 4347 954 4410 cari
970 4345 1050 4409 Solis
1067 4353 1139 4409 sunt
1154 4345 1213 4431 ipsi
1226 4344 1355 4424 Rhodii,

340 4461 519 4556 Tlepolemo
551 4464 760 4558 antiquiores:
792 4485 870 4554 quos
902 4463 946 4526 sic
977 4462 1164 4528 nominando
1197 4471 1356 4550 praeparat
