3725 5542
807 1040 882 1123 qr.

482 1274 528 1337 De
549 1273 648 1337 doira
670 1294 767 1337 reram
790 1274 981 1337 damnorum
1006 1274 1208 1337 moderamine.

380 1505 502 1570 Versati
518 1506 580 1571 lere
596 1506 697 1571 adhuc
713 1528 821 1571 sumus
836 1508 868 1570 iu
885 1507 1000 1591 mythis
1017 1507 1169 1591 antiquis:
1186 1507 1218 1571 in
1235 1507 1348 1590 quihus

333 1624 507 1709 praeclarae
538 1624 626 1688 nobis
649 1622 776 1687 Pindari
800 1624 838 1687 de
861 1623 954 1687 rebus
978 1622 1090 1689 divinis
1113 1624 1214 1708 deque
1238 1625 1352 1687 virtute

332 1744 504 1807 sententiae
528 1744 741 1807 innotuerunt.
777 1740 836 1807 Sed
861 1764 923 1807 non
947 1750 1070 1807 tantum
1094 1764 1195 1807 rernm
1220 1750 1353 1805 vetusta-

332 1869 398 1923 tem
421 1859 459 1923 ad
481 1860 561 1923 Deos
577 1859 702 1937 retulit,
719 1882 825 1925 verum
841 1861 874 1925 in
891 1859 1105 1947 praesentibus
1121 1882 1245 1945 quoque
1261 1860 1353 1923 rebus

333 1976 436 2040 laudis
468 1998 519 2041 eos
550 1978 755 2062 fortunaeque
778 1978 929 2042 humanae
953 1977 1160 2042 moderatores
1183 1976 1268 2040 omni
1291 1998 1354 2039 car·

333 2095 417 2157 mine
448 2094 540 2158 canit.
587 2092 702 2159 Omnes
735 2095 859 2159 uirtutis
891 2095 1054 2179 laudisque
1082 2096 1148 2159 uiae
1171 2093 1353 2157 mortalibus

333 2233 352 2274 a
375 2211 445 2275 Diis
468 2220 590 2297 apertae
614 2220 696 2275 snut.
744 2211 818 2277 Iluit
841 2212 914 2276 olim
939 2236 957 2275 a
980 2212 1121 2277 Minerva
1143 2212 1268 2275 inventa
1289 2232 1355 2274 mn-

332 2330 398 2393 sica
421 2336 452 2394 et
474 2329 657 2395 mortalibus
681 2330 810 2395 traditae
827 2332 850 2415 ¹)
874 2330 927 2396 sed
951 2330 1055 2394 adhuc
1077 2330 1214 2394 Deorum
1238 2330 1354 2393 auxilio

332 2448 426 2532 riget.
475 2446 522 2511 Er
554 2449 620 2512 Deo
650 2449 741 2513 homo
772 2472 891 2535 semper
923 2450 1060 2533 sapiente
1092 2458 1194 2512 mente
1217 2448 1314 2511 floret.
1329 2449 1354 2531 ς)

331 2564 359 2629 Ε
393 2564 462 2629 Diis
494 2588 599 2630 omues
630 2566 754 2643 virtutis
787 2568 939 2631 humanae
970 2566 1054 2644 viae,
1085 2576 1116 2630 et
1147 2566 1299 2650 sapientes
1323 2575 1355 2629 et

332 2704 428 2747 manu
461 2682 556 2747 fortes
588 2693 618 2748 et
642 2683 747 2749 diserti
772 2690 854 2749 sunl.
869 2684 893 2767 8)
940 2684 1007 2748 Deo
1031 2691 1222 2749 monstrante
1246 2683 1356 2767 princi·

332 2800 438 2885 pium,
473 2800 511 2865 ad
543 2822 633 2865 omne
662 2824 739 2888 opus
764 2810 846 2866 recta
870 2814 917 2866 est
939 2800 1062 2865 laudem
1085 2800 1263 2866 inveniendi
1286 2801 1353 2876 via,

332 2918 467 3003 finisque
490 2919 635 3003 pulcrior.
648 2922 674 3006 ⁴)

378 3034 467 3115 Quae
492 3036 616 3121 quidem
640 3037 777 3101 Deorum
800 3038 934 3122 benigna
956 3038 1072 3103 auxilia
1087 3060 1105 3102 a
1121 3044 1210 3122 polita
1227 3035 1354 3101 laudan·

334 3164 389 3217 tur
411 3154 443 3217 iu
467 3155 669 3219 certaminum
694 3156 824 3219 maximo
848 3156 993 3219 victoriis.
1031 3153 1278 3218 Alcimedontem
1299 3153 1355 3218 Ju-

334 3271 417 3355 piter
445 3271 519 3337 fecit
550 3272 694 3337 victorem
722 3271 892 3358 Olympiae.
907 3276 931 3354 5)
969 3272 1097 3336 Hieroni
1119 3272 1153 3336 in
1177 3272 1264 3354 equis
1285 3272 1355 3356 jun·

333 3389 444 3473 gaudis
469 3390 582 3455 adsunt
604 3391 706 3455 Diana
728 3400 759 3455 et
783 3390 964 3454 Mercurius.
979 3392 1006 3473 6)
1047 3390 1097 3453 Ad
1120 3389 1264 3473 Agesiam
1284 3410 1355 3452 vero

332 3506 562 3593 Syracusanum
586 3516 676 3593 polita
699 3511 743 3573 sic
765 3508 921 3592 loquitur:
946 3509 1003 3586 „Si
1020 3530 1123 3573 revera
1138 3506 1195 3572 sub
1212 3505 1353 3591 Cyllenes

332 3624 449 3689 linibus
472 3626 603 3690 materni
624 3627 672 3691 tui
696 3628 824 3712 majores
849 3626 1042 3703 habitantes,
1067 3625 1198 3710 Agesis,
1223 3624 1273 3709 pie
1289 3646 1354 3708 pre

331 3742 424 3807 cibus
448 3743 641 3828 victimisque
665 3744 799 3809 multum
823 3744 929 3809 multis
953 3744 1110 3807 donarunt
1124 3742 1259 3806 Deorum
1276 3763 1354 3806 nun·

330 3861 417 3925 cium
442 3859 649 3939 Mercurium,
674 3862 729 3945 qui
752 3861 917 3925 certamina
941 3861 1021 3945 regit
1044 3859 1355 3944 distributionemque

330 3977 541 4065 praemiorum
565 3988 595 4042 et
620 3979 782 4043 Arcadiam
798 3977 947 4055 honorat,
963 3979 1007 4053 is,
1025 4000 1044 4040 o
1059 3976 1105 4040 fili
1119 3975 1266 4054 Sostrati,
1283 3998 1355 4040 cum

330 4095 520 4160 fulminante
550 4094 641 4158 Patre
673 4103 756 4160 tuam
784 4096 903 4181 perficit
927 4096 1082 4159 fortunam
1107 4092 1314 4179 prosperam.''
1326 4095 1354 4178 ⁷)

368 4307 393 4367 l)
413 4305 455 4371 Py.
471 4306 535 4356 111.
554 4306 593 4357 lt.
673 4307 699 4369 2)
719 4307 756 4357 01.
773 4308 820 4357 ΙΙ.
839 4305 880 4355 10.
956 4305 1141 4372 artemo.
1216 4305 1354 4368 marm.

330 4398 459 4466 Hyporcb.
477 4399 541 4465 apud
558 4400 680 4466 Haynium
700 4402 727 4459 l,
746 4400 808 4465 apud
826 4399 977 4450 Booalrhium
995 4403 1018 4452 5.
1113 4403 1137 4464 t)
1158 4402 1195 4452 01.
1217 4399 1293 4449 VIII.
1312 4398 1355 4448 20.

367 4497 393 4557 b)
411 4494 452 4561 lb.
470 4496 510 4545 ΙΙ.
530 4496 567 4545 lo.
675 4496 700 4557 7)
720 4497 757 4546 Ol.
779 4496 821 4546 Π.
841 4495 896 4546 129.

1212 4594 1228 4649 8
