3725 5542
851 712 890 773 al

402 914 500 992 Satis,
526 915 557 977 ui
582 912 687 991 fallor,
713 912 841 977 lectores
866 912 977 976 horum
998 914 1207 999 exemplorum
1227 918 1376 981 rationem

357 1033 547 1117 intelligunt.
583 1029 693 1115 Neque
716 1032 798 1095 enim
822 1053 894 1094 sane
918 1031 951 1094 in
975 1053 1074 1115 poena
1092 1032 1254 1097 Coronidis
1274 1057 1376 1099 aman·

357 1164 420 1218 tem
444 1152 578 1236 aliquem
601 1151 771 1227 cemimus,
796 1171 888 1235 quem
912 1159 1014 1214 amata
1036 1153 1248 1229 contemserit,
1269 1161 1305 1217 ut
1324 1153 1376 1218 ille

358 1275 404 1338 ira
434 1273 576 1335 incensus
603 1268 754 1355 supplicio
778 1290 843 1331 eam
868 1268 1019 1333 affecerit:
1045 1269 1099 1333 sed
1122 1270 1225 1335 Deum
1248 1272 1376 1356 suspici·

358 1414 446 1467 mus,
477 1410 539 1453 uon
571 1410 694 1473 passum
726 1386 890 1451 humanam
923 1386 1191 1473 intemperantiam
1216 1412 1248 1454 se
1272 1390 1377 1454 efferre

358 1508 593 1591 lasciviamque,
625 1506 833 1571 contemnenti
862 1506 999 1569 divinam
1022 1507 1241 1590 praestantiam
1264 1509 1376 1573 iratum

358 1650 394 1692 ac
418 1626 595 1691 terribilem.
643 1624 844 1709 Aesculapius
870 1646 941 1688 vero
960 1625 1096 1710 sapiens:
1119 1625 1172 1690 sed
1194 1627 1377 1712 sapientiam

358 1767 484 1829 quoque
506 1744 642 1829 corrupit
664 1743 709 1806 vis
734 1753 764 1807 et
787 1743 949 1829 superbia:
974 1752 1104 1808 conatus
1128 1744 1223 1809 nimia
1246 1755 1376 1809 mortem

359 1865 487 1927 invenit.
535 1861 670 1926 Omnino
702 1862 732 1925 in
763 1862 906 1926 omnibus
939 1871 1083 1947 apparet,
1115 1870 1256 1949 oportere
1285 1863 1380 1927 vereri

359 1982 443 2047 Deos
467 1992 498 2046 et
521 1982 689 2045 humanum
714 1988 816 2045 tenere
840 1980 985 2045 modum:
1010 2004 1072 2045 nou
1095 1982 1190 2045 latere
1214 2005 1300 2058 eum,
1324 1982 1379 2066 qui

360 2100 551 2165 committere
571 2098 700 2175 audeat,
722 2108 755 2162 ut
776 2099 843 2162 Diis
863 2097 1039 2183 displiceat:
1061 2098 1137 2162 iram
1154 2121 1225 2163 vero
1241 2099 1377 2164 Deorum

360 2234 393 2282 ct
413 2220 472 2283 vim
497 2240 563 2281 esse
583 2216 760 2293 maximam,
781 2238 881 2301 neque
901 2216 928 2279 ei
948 2238 1039 2301 posse
1058 2217 1172 2293 resisti,
1192 2240 1292 2300 neque
1312 2241 1377 2281 eam

361 2360 450 2421 posse
472 2335 572 2400 vitari.
621 2334 732 2398 Nobile
756 2356 867 2398 nomen
891 2333 1049 2418 Typhonis
1070 2334 1300 2419 Gigantumque
1319 2335 1381 2399 fuit

361 2464 392 2520 et
417 2456 495 2518 vires
518 2455 675 2538 ingentes:
701 2474 805 2517 verum

608 2572 664 2649 βίον
687 2572 715 2636 δὲ
738 2570 787 2635 cai
811 2570 1012 2651 μεγάλαυχον
1033 2571 1127 2651 iugum

608 2704 658 2753 λεν
680 2691 709 2754 ἐν
730 2689 832 2769 χρόνῳ·

361 2812 428 2888 „cio
447 2810 535 2873 ctiam
551 2810 703 2891 superbum
722 2809 862 2891 labefacit
881 2812 1048 2893 alr'qnando.
1086 2807 1151 2872 Nec
1170 2808 1280 2893 'lypho
1296 2808 1377 2872 Cilix

361 2928 471 3013 effugit
502 2948 567 2991 eam
599 2948 730 2991 necron
754 2926 940 3011 Gigantum:
966 2926 1075 2989 domiti
1099 2935 1173 2989 sunt
1195 2926 1325 2991 fulmine
1348 2936 1380 2989 et

363 3045 519 3132 Apollinis
543 3044 647 3108 arcn.''
661 3044 684 3127 ¹)
732 3042 803 3107 Nou
828 3045 950 3129 singula
972 3066 1045 3122 nos,
1071 3066 1149 3128 quae
1169 3043 1250 3129 apud
1270 3043 1381 3108 Pinda-

361 3186 431 3227 rum
463 3170 555 3240 sunt,
584 3163 811 3247 persequimur:
837 3161 910 3225 satis
935 3170 981 3226 est
1005 3184 1041 3226 ea
1064 3182 1230 3247 exponere,
1255 3184 1290 3224 ex
1316 3162 1382 3244 qui·

362 3283 421 3346 bus
445 3283 512 3366 ejus
535 3279 688 3345 sententia
710 3280 912 3364 intelligatur.
952 3279 1012 3343 Sed
1035 3278 1212 3364 Typhonem
1234 3279 1294 3342 alio
1313 3279 1381 3342 loco

360 3402 524 3489 proposuit
553 3400 724 3485 copiosius,
757 3398 1016 3484 quemadmodum
1049 3400 1180 3462 Aetnam
1211 3397 1379 3474 sustineat,

360 3519 535 3585 mirandum
566 3519 634 3582 risu
667 3517 859 3604 prodigium,
891 3517 1002 3582 auditu
1033 3538 1158 3601 quoque
1188 3515 1380 3580 mirandum:

358 3640 414 3705 sed
439 3639 628 3703 convertitur
652 3659 670 3700 a
692 3644 783 3723 po'eta
807 3636 927 3701 miratio
951 3636 984 3699 in
1008 3634 1281 3719 supplicationem,
1303 3634 1382 3698 Deo·

359 3780 510 3841 rumque,
536 3778 668 3840 quorum
692 3762 777 3819 tanta
797 3753 933 3818 vindicta
953 3760 1013 3831 est,
1034 3775 1112 3839 quae
1132 3752 1308 3838 superbiam
1328 3775 1384 3838 pu-

359 3877 444 3952 niat,
473 3874 604 3939 maxime
632 3874 713 3959 piam
737 3872 982 3948 venerationem,
1008 3872 1095 3935 etin
1118 3871 1266 3956 adspectu
1291 3871 1380 3954 quasi

358 3994 416 4059 illo
440 4001 545 4057 monte
568 3992 669 4079 posito
693 4000 836 4077 precatur
858 3990 983 4055 Jovem:

649 4108 691 4184 ein
716 4116 791 4185 Ζεῦ,
814 4110 859 4173 τὶν
882 4109 924 4182 εἴη
948 4108 1086 4172 ἁνδάνειν·
1369 4192 1372 4195 ἢ

360 4230 511 4311 coatinpat
533 4229 623 4305 mihi,
647 4230 782 4311 Jupiter,
807 4229 958 4309 coalitique
978 4226 1052 4290 mihi
1070 4228 1189 4308 placare
1211 4225 1275 4289 tibi.
1290 4224 1314 4307 2)

398 4408 424 4468 l)
442 4408 483 4473 ry.
504 4407 579 4456 7111.
598 4405 704 4455 la-aa.
722 4366 905 4469 ipsiusproslii
922 4402 1037 4452 adversus
1051 4401 1165 4467 Gigantea
1178 4398 1284 4449 instituti
1301 4398 1380 4447 bravia

358 4503 460 4567 Diiaque
477 4502 550 4566 digua
566 4500 657 4550 mentio
674 4502 711 4549 eat
728 4500 794 4549 Nm.
812 4499 835 4548 Ι.
854 4498 909 4548 100.

393 4599 419 4660 2)
436 4598 478 4663 Py.
494 4598 517 4648 I.
529 4597 569 4647 56.
581 4596 667 4663 Tityos
682 4594 818 4661 exemplam
832 4595 888 4645 vide
900 4598 945 4661 Py.
960 4596 1006 4645 IV.
1019 4592 1075 4644 16⁰.
1087 4592 1193 4643 Atlantia
1206 4592 1246 4658 ly.
1261 4592 1306 4639 IV.
1319 4589 1377 4640 ala.
