<?xml version="1.0" encoding="UTF-8"?>
<!DOCTYPE html PUBLIC "-//W3C//DTD XHTML 1.0 Transitional//EN"
    "http://www.w3.org/TR/xhtml1/DTD/xhtml1-transitional.dtd">
<html xmlns="http://www.w3.org/1999/xhtml" xml:lang="en" lang="en">
 <head>
  <title>
</title>
<meta http-equiv="Content-Type" content="text/html;charset=utf-8" />
  <meta name='ocr-system' content='tesseract 3.04.00' />
  <meta name='ocr-capabilities' content='ocr_page ocr_carea ocr_par ocr_line ocrx_word'/>
</head>
<body>
  <div class='ocr_page' id='page_1' title='image "./pindaricarminao01pindgoog_0044.png"; bbox 0 0 3725 5542; ppageno 0'>
   <div class='ocr_carea' id='block_1_1' title="bbox 1015 726 1058 787">
    <p class='ocr_par' dir='ltr' id='par_1_1' title="bbox 1015 726 1058 787">
     <span class='ocr_line' id='line_1_1' title="bbox 1015 726 1058 787; baseline -0.047 0"><span class='ocrx_word' id='word_1_1' title='bbox 1015 726 1058 787; x_wconf 76' lang='lat'><strong>32</strong></span> 
     </span>
    </p>
   </div>
   <div class='ocr_carea' id='block_1_2' title="bbox 525 925 1547 1603">
    <p class='ocr_par' dir='ltr' id='par_1_2' title="bbox 527 925 1547 1247">
     <span class='ocr_line' id='line_1_2' title="bbox 528 925 1547 1010; baseline 0.002 -22"><span class='ocrx_word' id='word_1_2' title='bbox 528 948 546 988; x_wconf 94' lang='lat' dir='ltr'><strong>a</strong></span> <span class='ocrx_word' id='word_1_3' title='bbox 576 926 757 991; x_wconf 69' lang='lat' dir='ltr'><strong>mortalibus</strong></span> <span class='ocrx_word' id='word_1_4' title='bbox 789 948 889 991; x_wconf 89' lang='lat' dir='ltr'><strong>arcere</strong></span> <span class='ocrx_word' id='word_1_5' title='bbox 922 925 1110 991; x_wconf 75' lang='lat' dir='ltr'><strong>molestias.”</strong></span> <span class='ocrx_word' id='word_1_6' title='bbox 1125 928 1150 1010; x_wconf 87' lang='lat'><strong>¹)</strong></span> <span class='ocrx_word' id='word_1_7' title='bbox 1195 926 1355 991; x_wconf 74' lang='lat' dir='ltr'><strong>Praeclara</strong></span> <span class='ocrx_word' id='word_1_8' title='bbox 1380 948 1453 991; x_wconf 89' lang='lat' dir='ltr'><strong>sane</strong></span> <span class='ocrx_word' id='word_1_9' title='bbox 1476 925 1547 990; x_wconf 88' lang='lat' dir='ltr'><strong>talis</strong></span> 
     </span>
     <span class='ocr_line' id='line_1_3' title="bbox 527 1043 1546 1129; baseline 0 -21"><span class='ocrx_word' id='word_1_10' title='bbox 527 1054 574 1109; x_wconf 87' lang='lat' dir='ltr'><strong>est</strong></span> <span class='ocrx_word' id='word_1_11' title='bbox 612 1044 741 1108; x_wconf 88' lang='lat' dir='ltr'><strong>heroum</strong></span> <span class='ocrx_word' id='word_1_12' title='bbox 775 1043 938 1121; x_wconf 89' lang='lat' dir='ltr'><strong>memoria,</strong></span> <span class='ocrx_word' id='word_1_13' title='bbox 971 1066 1042 1109; x_wconf 91' lang='lat' dir='ltr'><strong>cum</strong></span> <span class='ocrx_word' id='word_1_14' title='bbox 1074 1045 1164 1109; x_wconf 91' lang='lat' dir='ltr'><strong>cultu</strong></span> <span class='ocrx_word' id='word_1_15' title='bbox 1194 1045 1332 1110; x_wconf 80' lang='lat' dir='ltr'>Deorum</span> <span class='ocrx_word' id='word_1_16' title='bbox 1361 1054 1392 1109; x_wconf 87' lang='lat' dir='ltr'><strong>et</strong></span> <span class='ocrx_word' id='word_1_17' title='bbox 1423 1045 1546 1129; x_wconf 87' lang='lat' dir='ltr'><strong>pietatis</strong></span> 
     </span>
     <span class='ocr_line' id='line_1_4' title="bbox 527 1161 1071 1247; baseline -0.002 -21"><span class='ocrx_word' id='word_1_18' title='bbox 527 1161 756 1247; x_wconf 74' lang='lat' dir='ltr'><strong>modestiaeque</strong></span> <span class='ocrx_word' id='word_1_19' title='bbox 780 1184 872 1227; x_wconf 90' lang='lat' dir='ltr'><strong>sensu</strong></span> <span class='ocrx_word' id='word_1_20' title='bbox 895 1163 1071 1247; x_wconf 85' lang='lat' dir='ltr'><strong>conjuncta.</strong></span> 
     </span>
    </p>

    <p class='ocr_par' dir='ltr' id='par_1_3' title="bbox 525 1280 1546 1603">
     <span class='ocr_line' id='line_1_5' title="bbox 573 1280 1546 1366; baseline -0.002 -21"><span class='ocrx_word' id='word_1_21' title='bbox 573 1281 760 1366; x_wconf 88' lang='lat' dir='ltr'><strong>Hujusmodi</strong></span> <span class='ocrx_word' id='word_1_22' title='bbox 784 1282 880 1366; x_wconf 83' lang='lat' dir='ltr'><strong>igitur</strong></span> <span class='ocrx_word' id='word_1_23' title='bbox 903 1282 1034 1345; x_wconf 87' lang='lat' dir='ltr'><strong>heroum</strong></span> <span class='ocrx_word' id='word_1_24' title='bbox 1056 1280 1163 1345; x_wconf 87' lang='lat' dir='ltr'><strong>laudes</strong></span> <span class='ocrx_word' id='word_1_25' title='bbox 1182 1282 1395 1365; x_wconf 81' lang='lat' dir='ltr'><strong>virtutumque</strong></span> <span class='ocrx_word' id='word_1_26' title='bbox 1411 1280 1546 1366; x_wconf 85' lang='lat' dir='ltr'><strong>praemia</strong></span> 
     </span>
     <span class='ocr_line' id='line_1_6' title="bbox 527 1396 1545 1484; baseline -0.004 -21"><span class='ocrx_word' id='word_1_27' title='bbox 527 1408 558 1463; x_wconf 89' lang='lat' dir='ltr'><strong>et</strong></span> <span class='ocrx_word' id='word_1_28' title='bbox 581 1399 679 1463; x_wconf 90' lang='lat' dir='ltr'><strong>honos</strong></span> <span class='ocrx_word' id='word_1_29' title='bbox 702 1399 840 1463; x_wconf 85' lang='lat' dir='ltr'><strong>luerunt.</strong></span> <span class='ocrx_word' id='word_1_30' title='bbox 888 1398 950 1463; x_wconf 85' lang='lat' dir='ltr'><strong>Sed</strong></span> <span class='ocrx_word' id='word_1_31' title='bbox 972 1408 1130 1484; x_wconf 88' lang='lat' dir='ltr'><strong>praetcrea</strong></span> <span class='ocrx_word' id='word_1_32' title='bbox 1152 1406 1265 1463; x_wconf 77' lang='lat' dir='ltr'><strong>sortem</strong></span> <span class='ocrx_word' id='word_1_33' title='bbox 1288 1420 1395 1463; x_wconf 87' lang='lat' dir='ltr'><strong>corum</strong></span> <span class='ocrx_word' id='word_1_34' title='bbox 1409 1396 1545 1461; x_wconf 85' lang='lat' dir='ltr'><strong>narrarit</strong></span> 
     </span>
     <span class='ocr_line' id='line_1_7' title="bbox 525 1515 1544 1603; baseline -0.003 -22"><span class='ocrx_word' id='word_1_35' title='bbox 525 1516 678 1581; x_wconf 80' lang='lat' dir='ltr'><strong>Pindarus</strong></span> <span class='ocrx_word' id='word_1_36' title='bbox 710 1528 741 1581; x_wconf 90' lang='lat' dir='ltr'><strong>et</strong></span> <span class='ocrx_word' id='word_1_37' title='bbox 773 1517 913 1603; x_wconf 85' lang='lat' dir='ltr'><strong>exempla</strong></span> <span class='ocrx_word' id='word_1_38' title='bbox 944 1517 1098 1581; x_wconf 84' lang='lat' dir='ltr'><strong>fortunae.</strong></span> <span class='ocrx_word' id='word_1_39' title='bbox 1143 1516 1310 1581; x_wconf 74' lang='lat' dir='ltr'><strong>Tantalum</strong></span> <span class='ocrx_word' id='word_1_40' title='bbox 1343 1525 1375 1579; x_wconf 92' lang='lat' dir='ltr'><strong>et</strong></span> <span class='ocrx_word' id='word_1_41' title='bbox 1404 1515 1544 1579; x_wconf 78' lang='lat' dir='ltr'><strong>Ixionem</strong></span> 
     </span>
    </p>
   </div>
   <div class='ocr_carea' id='block_1_3' title="bbox 522 1631 1543 1720">
    <p class='ocr_par' dir='ltr' id='par_1_4' title="bbox 522 1631 1543 1720">
     <span class='ocr_line' id='line_1_8' title="bbox 522 1631 1543 1720; baseline 0 -23"><span class='ocrx_word' id='word_1_42' title='bbox 522 1636 586 1719; x_wconf 86' lang='lat' dir='ltr'><strong>jam</strong></span> <span class='ocrx_word' id='word_1_43' title='bbox 610 1634 768 1712; x_wconf 77' lang='lat' dir='ltr'><strong>norimus,</strong></span> <span class='ocrx_word' id='word_1_44' title='bbox 793 1656 925 1719; x_wconf 90' lang='lat' dir='ltr'><strong>quorum</strong></span> <span class='ocrx_word' id='word_1_45' title='bbox 943 1634 1088 1720; x_wconf 88' lang='lat' dir='ltr'><strong>soperbia</strong></span> <span class='ocrx_word' id='word_1_46' title='bbox 1102 1634 1221 1698; x_wconf 90' lang='lat' dir='ltr'><strong>cladem</strong></span> <span class='ocrx_word' id='word_1_47' title='bbox 1237 1635 1365 1699; x_wconf 87' lang='lat' dir='ltr'><strong>invenit.</strong></span> <span class='ocrx_word' id='word_1_48' title='bbox 1376 1633 1404 1717; x_wconf 60' lang='grc'><strong>8)</strong></span> <span class='ocrx_word' id='word_1_49' title='bbox 1426 1631 1543 1697; x_wconf 84' lang='lat' dir='ltr'><strong>Verum</strong></span> 
     </span>
    </p>
   </div>
   <div class='ocr_carea' id='block_1_4' title="bbox 520 1751 1544 4196">
    <p class='ocr_par' dir='ltr' id='par_1_5' title="bbox 520 1751 1544 4196">
     <span class='ocr_line' id='line_1_9' title="bbox 523 1751 1543 1837; baseline 0 -22"><span class='ocrx_word' id='word_1_50' title='bbox 523 1752 591 1837; x_wconf 90' lang='lat' dir='ltr'><strong>ipsa</strong></span> <span class='ocrx_word' id='word_1_51' title='bbox 613 1752 752 1837; x_wconf 84' lang='lat' dir='ltr'><strong>quamvis</strong></span> <span class='ocrx_word' id='word_1_52' title='bbox 775 1752 998 1837; x_wconf 84' lang='lat' dir='ltr'><strong>praestantium</strong></span> <span class='ocrx_word' id='word_1_53' title='bbox 1019 1751 1146 1815; x_wconf 89' lang='lat' dir='ltr'><strong>heroum</strong></span> <span class='ocrx_word' id='word_1_54' title='bbox 1166 1751 1303 1816; x_wconf 88' lang='lat' dir='ltr'><strong>conditio</strong></span> <span class='ocrx_word' id='word_1_55' title='bbox 1318 1774 1382 1816; x_wconf 89' lang='lat' dir='ltr'><strong>nou</strong></span> <span class='ocrx_word' id='word_1_56' title='bbox 1396 1752 1543 1815; x_wconf 90' lang='lat' dir='ltr'><strong>immunis</strong></span> 
     </span>
     <span class='ocr_line' id='line_1_10' title="bbox 525 1870 1542 1935; baseline 0 -2"><span class='ocrx_word' id='word_1_57' title='bbox 525 1870 687 1935; x_wconf 83' lang='lat' dir='ltr'><strong>infortunii</strong></span> <span class='ocrx_word' id='word_1_58' title='bbox 708 1871 779 1935; x_wconf 81' lang='lat' dir='ltr'><strong>fuit.</strong></span> <span class='ocrx_word' id='word_1_59' title='bbox 814 1872 935 1935; x_wconf 73' lang='lat' dir='ltr'><strong>Aecum</strong></span> <span class='ocrx_word' id='word_1_60' title='bbox 958 1893 1100 1935; x_wconf 90' lang='lat' dir='ltr'><strong>securum</strong></span> <span class='ocrx_word' id='word_1_61' title='bbox 1124 1893 1180 1935; x_wconf 90' lang='lat' dir='ltr'><strong>nec</strong></span> <span class='ocrx_word' id='word_1_62' title='bbox 1203 1871 1296 1935; x_wconf 89' lang='lat' dir='ltr'><strong>Peleo</strong></span> <span class='ocrx_word' id='word_1_63' title='bbox 1323 1870 1470 1935; x_wconf 80' lang='lat' dir='ltr'><strong>Aeacidae</strong></span> <span class='ocrx_word' id='word_1_64' title='bbox 1485 1892 1542 1933; x_wconf 90' lang='lat' dir='ltr'><strong>nec</strong></span> 
     </span>
     <span class='ocr_line' id='line_1_11' title="bbox 525 1987 1544 2073; baseline 0 -22"><span class='ocrx_word' id='word_1_65' title='bbox 525 1987 642 2052; x_wconf 84' lang='lat' dir='ltr'><strong>Cadmo</strong></span> <span class='ocrx_word' id='word_1_66' title='bbox 673 1988 777 2052; x_wconf 84' lang='lat' dir='ltr'><strong>divino</strong></span> <span class='ocrx_word' id='word_1_67' title='bbox 808 1988 885 2066; x_wconf 86' lang='lat' dir='ltr'><strong>fuit,</strong></span> <span class='ocrx_word' id='word_1_68' title='bbox 918 1989 974 2072; x_wconf 91' lang='lat' dir='ltr'><strong>qui</strong></span> <span class='ocrx_word' id='word_1_69' title='bbox 996 1989 1174 2053; x_wconf 84' lang='lat' dir='ltr'><strong>mortalium</strong></span> <span class='ocrx_word' id='word_1_70' title='bbox 1197 2010 1371 2073; x_wconf 87' lang='lat' dir='ltr'><strong>supremam</strong></span> <span class='ocrx_word' id='word_1_71' title='bbox 1395 1987 1544 2051; x_wconf 87' lang='lat' dir='ltr'><strong>dicuntur</strong></span> 
     </span>
     <span class='ocr_line' id='line_1_12' title="bbox 524 2106 1543 2190; baseline -0.002 -19"><span class='ocrx_word' id='word_1_72' title='bbox 524 2106 668 2172; x_wconf 90' lang='lat' dir='ltr'><strong>babuisse</strong></span> <span class='ocrx_word' id='word_1_73' title='bbox 690 2106 862 2185; x_wconf 80' lang='lat' dir='ltr'><strong>fortunam,</strong></span> <span class='ocrx_word' id='word_1_74' title='bbox 887 2107 1005 2190; x_wconf 89' lang='lat' dir='ltr'><strong>quique</strong></span> <span class='ocrx_word' id='word_1_75' title='bbox 1027 2108 1120 2171; x_wconf 90' lang='lat' dir='ltr'><strong>etiam</strong></span> <span class='ocrx_word' id='word_1_76' title='bbox 1143 2107 1176 2170; x_wconf 92' lang='lat' dir='ltr'><strong>in</strong></span> <span class='ocrx_word' id='word_1_77' title='bbox 1191 2116 1296 2170; x_wconf 88' lang='lat' dir='ltr'><strong>monte</strong></span> <span class='ocrx_word' id='word_1_78' title='bbox 1312 2106 1419 2170; x_wconf 84' lang='lat' dir='ltr'><strong>Musas</strong></span> <span class='ocrx_word' id='word_1_79' title='bbox 1433 2128 1543 2170; x_wconf 90' lang='lat' dir='ltr'><strong>canen·</strong></span> 
     </span>
     <span class='ocr_line' id='line_1_13' title="bbox 523 2222 1540 2309; baseline 0.002 -23"><span class='ocrx_word' id='word_1_80' title='bbox 523 2232 569 2287; x_wconf 88' lang='lat' dir='ltr'><strong>tes</strong></span> <span class='ocrx_word' id='word_1_81' title='bbox 593 2245 628 2288; x_wconf 86' lang='lat' dir='ltr'><strong>oc</strong></span> <span class='ocrx_word' id='word_1_82' title='bbox 650 2222 764 2288; x_wconf 79' lang='lat' dir='ltr'><strong>Thebis</strong></span> <span class='ocrx_word' id='word_1_83' title='bbox 781 2223 964 2302; x_wconf 88' lang='lat' dir='ltr'><strong>audieruut,</strong></span> <span class='ocrx_word' id='word_1_84' title='bbox 982 2224 1033 2288; x_wconf 92' lang='lat' dir='ltr'><strong>bic</strong></span> <span class='ocrx_word' id='word_1_85' title='bbox 1050 2246 1147 2309; x_wconf 91' lang='lat' dir='ltr'><strong>quum</strong></span> <span class='ocrx_word' id='word_1_86' title='bbox 1163 2224 1327 2289; x_wconf 83' lang='lat' dir='ltr'><strong>formosam</strong></span> <span class='ocrx_word' id='word_1_87' title='bbox 1340 2224 1540 2288; x_wconf 85' lang='lat' dir='ltr'><strong>Harmoniam</strong></span> 
     </span>
     <span class='ocr_line' id='line_1_14' title="bbox 523 2340 1539 2427; baseline -0.001 -20"><span class='ocrx_word' id='word_1_88' title='bbox 523 2342 665 2419; x_wconf 86' lang='lat' dir='ltr'><strong>duceret,</strong></span> <span class='ocrx_word' id='word_1_89' title='bbox 701 2340 753 2405; x_wconf 89' lang='lat' dir='ltr'><strong>ille</strong></span> <span class='ocrx_word' id='word_1_90' title='bbox 782 2364 853 2407; x_wconf 84' lang='lat' dir='ltr'><strong>vero</strong></span> <span class='ocrx_word' id='word_1_91' title='bbox 885 2340 980 2406; x_wconf 87' lang='lat' dir='ltr'><strong>Nerei</strong></span> <span class='ocrx_word' id='word_1_92' title='bbox 1009 2343 1156 2427; x_wconf 89' lang='lat' dir='ltr'><strong>sapientis</strong></span> <span class='ocrx_word' id='word_1_93' title='bbox 1187 2341 1351 2407; x_wconf 79' lang='lat' dir='ltr'><strong>Thetidem</strong></span> <span class='ocrx_word' id='word_1_94' title='bbox 1375 2343 1539 2426; x_wconf 84' lang='lat' dir='ltr'><strong>gloriosam</strong></span> 
     </span>
     <span class='ocr_line' id='line_1_15' title="bbox 523 2458 1540 2545; baseline 0.001 -23"><span class='ocrx_word' id='word_1_95' title='bbox 523 2458 627 2523; x_wconf 87' lang='lat' dir='ltr'><strong>liliam.</strong></span> <span class='ocrx_word' id='word_1_96' title='bbox 663 2460 709 2523; x_wconf 82' lang='lat' dir='ltr'><strong>Ac</strong></span> <span class='ocrx_word' id='word_1_97' title='bbox 733 2458 786 2523; x_wconf 91' lang='lat' dir='ltr'><strong>Dii</strong></span> <span class='ocrx_word' id='word_1_98' title='bbox 809 2460 891 2545; x_wconf 91' lang='lat' dir='ltr'><strong>apud</strong></span> <span class='ocrx_word' id='word_1_99' title='bbox 917 2470 1085 2545; x_wconf 89' lang='lat' dir='ltr'><strong>utrumque</strong></span> <span class='ocrx_word' id='word_1_100' title='bbox 1108 2460 1248 2525; x_wconf 83' lang='lat' dir='ltr'><strong>convivia</strong></span> <span class='ocrx_word' id='word_1_101' title='bbox 1270 2460 1481 2537; x_wconf 87' lang='lat' dir='ltr'><strong>celebrarunt,</strong></span> <span class='ocrx_word' id='word_1_102' title='bbox 1508 2472 1540 2524; x_wconf 91' lang='lat' dir='ltr'><strong>et</strong></span> 
     </span>
     <span class='ocr_line' id='line_1_16' title="bbox 524 2576 1539 2663; baseline 0.002 -23"><span class='ocrx_word' id='word_1_103' title='bbox 524 2576 618 2641; x_wconf 87' lang='lat' dir='ltr'><strong>Croni</strong></span> <span class='ocrx_word' id='word_1_104' title='bbox 641 2577 754 2641; x_wconf 89' lang='lat' dir='ltr'><strong>liberos</strong></span> <span class='ocrx_word' id='word_1_105' title='bbox 776 2600 864 2662; x_wconf 84' lang='lat' dir='ltr'><strong>reges</strong></span> <span class='ocrx_word' id='word_1_106' title='bbox 888 2579 1033 2644; x_wconf 82' lang='lat' dir='ltr'><strong>viderunt</strong></span> <span class='ocrx_word' id='word_1_107' title='bbox 1055 2579 1156 2645; x_wconf 89' lang='lat' dir='ltr'><strong>aureis</strong></span> <span class='ocrx_word' id='word_1_108' title='bbox 1178 2580 1211 2643; x_wconf 92' lang='lat' dir='ltr'><strong>in</strong></span> <span class='ocrx_word' id='word_1_109' title='bbox 1234 2578 1376 2656; x_wconf 91' lang='lat' dir='ltr'><strong>sedibus,</strong></span> <span class='ocrx_word' id='word_1_110' title='bbox 1397 2580 1539 2663; x_wconf 87' lang='lat' dir='ltr'><strong>donaque</strong></span> 
     </span>
     <span class='ocr_line' id='line_1_17' title="bbox 524 2696 1540 2783; baseline 0.002 -24"><span class='ocrx_word' id='word_1_111' title='bbox 524 2704 708 2781; x_wconf 87' lang='lat' dir='ltr'><strong>acceperunt</strong></span> <span class='ocrx_word' id='word_1_112' title='bbox 743 2696 933 2783; x_wconf 85' lang='lat' dir='ltr'><strong>conjugalia:</strong></span> <span class='ocrx_word' id='word_1_113' title='bbox 967 2697 1117 2782; x_wconf 85' lang='lat' dir='ltr'><strong>Josisque</strong></span> <span class='ocrx_word' id='word_1_114' title='bbox 1147 2697 1306 2763; x_wconf 78' lang='lat' dir='ltr'><strong>voluntate</strong></span> <span class='ocrx_word' id='word_1_115' title='bbox 1338 2720 1354 2761; x_wconf 93' lang='lat' dir='ltr'><strong>e</strong></span> <span class='ocrx_word' id='word_1_116' title='bbox 1385 2697 1540 2782; x_wconf 84' lang='lat' dir='ltr'><strong>prioribus</strong></span> 
     </span>
     <span class='ocr_line' id='line_1_18' title="bbox 523 2813 1540 2899; baseline 0.003 -23"><span class='ocrx_word' id='word_1_117' title='bbox 523 2813 620 2877; x_wconf 84' lang='lat' dir='ltr'><strong>eriere</strong></span> <span class='ocrx_word' id='word_1_118' title='bbox 649 2813 807 2878; x_wconf 90' lang='lat' dir='ltr'><strong>laboribus</strong></span> <span class='ocrx_word' id='word_1_119' title='bbox 838 2823 1001 2899; x_wconf 89' lang='lat' dir='ltr'><strong>erectoque</strong></span> <span class='ocrx_word' id='word_1_120' title='bbox 1024 2814 1115 2880; x_wconf 89' lang='lat' dir='ltr'><strong>corde</strong></span> <span class='ocrx_word' id='word_1_121' title='bbox 1138 2815 1275 2880; x_wconf 86' lang='lat' dir='ltr'><strong>fuerunt.</strong></span> <span class='ocrx_word' id='word_1_122' title='bbox 1322 2815 1382 2880; x_wconf 85' lang='lat' dir='ltr'><strong>Sed</strong></span> <span class='ocrx_word' id='word_1_123' title='bbox 1406 2816 1438 2879; x_wconf 92' lang='lat' dir='ltr'><strong>in</strong></span> <span class='ocrx_word' id='word_1_124' title='bbox 1462 2825 1540 2879; x_wconf 87' lang='lat' dir='ltr'><strong>tem·</strong></span> 
     </span>
     <span class='ocr_line' id='line_1_19' title="bbox 523 2930 1540 3017; baseline 0.003 -23"><span class='ocrx_word' id='word_1_125' title='bbox 523 2932 605 3017; x_wconf 88' lang='lat' dir='ltr'><strong>poris</strong></span> <span class='ocrx_word' id='word_1_126' title='bbox 641 2953 732 2995; x_wconf 89' lang='lat' dir='ltr'><strong>cursu</strong></span> <span class='ocrx_word' id='word_1_127' title='bbox 769 2930 921 2997; x_wconf 83' lang='lat' dir='ltr'><strong>Cadmum</strong></span> <span class='ocrx_word' id='word_1_128' title='bbox 953 2932 1075 2998; x_wconf 90' lang='lat' dir='ltr'><strong>acribus</strong></span> <span class='ocrx_word' id='word_1_129' title='bbox 1107 2932 1335 2999; x_wconf 85' lang='lat' dir='ltr'><strong>calamitatibus</strong></span> <span class='ocrx_word' id='word_1_130' title='bbox 1365 2933 1447 2997; x_wconf 89' lang='lat' dir='ltr'><strong>filiae</strong></span> <span class='ocrx_word' id='word_1_131' title='bbox 1477 2942 1540 2997; x_wconf 76' lang='lat' dir='ltr'><strong>tras</strong></span> 
     </span>
     <span class='ocr_line' id='line_1_20' title="bbox 523 3049 1541 3137; baseline 0.003 -25"><span class='ocrx_word' id='word_1_132' title='bbox 523 3056 608 3133; x_wconf 89' lang='lat' dir='ltr'><strong>parte</strong></span> <span class='ocrx_word' id='word_1_133' title='bbox 630 3049 796 3113; x_wconf 84' lang='lat' dir='ltr'><strong>hilaritatis</strong></span> <span class='ocrx_word' id='word_1_134' title='bbox 819 3050 985 3128; x_wconf 89' lang='lat' dir='ltr'><strong>orbarunt,</strong></span> <span class='ocrx_word' id='word_1_135' title='bbox 1005 3050 1155 3114; x_wconf 88' lang='lat' dir='ltr'><strong>candidae</strong></span> <span class='ocrx_word' id='word_1_136' title='bbox 1171 3073 1242 3116; x_wconf 83' lang='lat' dir='ltr'><strong>vero</strong></span> <span class='ocrx_word' id='word_1_137' title='bbox 1256 3050 1402 3135; x_wconf 76' lang='lat' dir='ltr'><strong>&#39;lbyouae</strong></span> <span class='ocrx_word' id='word_1_138' title='bbox 1416 3050 1541 3137; x_wconf 83' lang='lat' dir='ltr'><strong>Jupiter</strong></span> 
     </span>
     <span class='ocr_line' id='line_1_21' title="bbox 523 3166 1540 3252; baseline 0.003 -22"><span class='ocrx_word' id='word_1_139' title='bbox 523 3167 554 3230; x_wconf 93' lang='lat' dir='ltr'><strong>in</strong></span> <span class='ocrx_word' id='word_1_140' title='bbox 578 3166 669 3231; x_wconf 89' lang='lat' dir='ltr'><strong>dulce</strong></span> <span class='ocrx_word' id='word_1_141' title='bbox 692 3166 883 3232; x_wconf 87' lang='lat' dir='ltr'><strong>connubium</strong></span> <span class='ocrx_word' id='word_1_142' title='bbox 907 3168 1001 3232; x_wconf 84' lang='lat' dir='ltr'><strong>venit.</strong></span> <span class='ocrx_word' id='word_1_143' title='bbox 1026 3168 1109 3232; x_wconf 84' lang='lat' dir='ltr'><strong>Pelei</strong></span> <span class='ocrx_word' id='word_1_144' title='bbox 1130 3190 1200 3232; x_wconf 88' lang='lat' dir='ltr'><strong>vero</strong></span> <span class='ocrx_word' id='word_1_145' title='bbox 1215 3168 1315 3245; x_wconf 84' lang='lat' dir='ltr'><strong>filius,</strong></span> <span class='ocrx_word' id='word_1_146' title='bbox 1330 3191 1425 3252; x_wconf 88' lang='lat' dir='ltr'><strong>quem</strong></span> <span class='ocrx_word' id='word_1_147' title='bbox 1440 3190 1540 3234; x_wconf 90' lang='lat' dir='ltr'><strong>unum</strong></span> 
     </span>
     <span class='ocr_line' id='line_1_22' title="bbox 523 3284 1541 3370; baseline 0 -21"><span class='ocrx_word' id='word_1_148' title='bbox 523 3284 704 3349; x_wconf 87' lang='lat' dir='ltr'><strong>immortalis</strong></span> <span class='ocrx_word' id='word_1_149' title='bbox 734 3284 841 3349; x_wconf 82' lang='lat' dir='ltr'><strong>Thetis</strong></span> <span class='ocrx_word' id='word_1_150' title='bbox 873 3285 1009 3370; x_wconf 89' lang='lat' dir='ltr'><strong>peperit,</strong></span> <span class='ocrx_word' id='word_1_151' title='bbox 1038 3286 1070 3350; x_wconf 90' lang='lat' dir='ltr'><strong>in</strong></span> <span class='ocrx_word' id='word_1_152' title='bbox 1094 3285 1176 3350; x_wconf 90' lang='lat' dir='ltr'><strong>bello</strong></span> <span class='ocrx_word' id='word_1_153' title='bbox 1199 3287 1312 3349; x_wconf 90' lang='lat' dir='ltr'><strong>amissa</strong></span> <span class='ocrx_word' id='word_1_154' title='bbox 1333 3286 1452 3363; x_wconf 90' lang='lat' dir='ltr'><strong>anima,</strong></span> <span class='ocrx_word' id='word_1_155' title='bbox 1481 3286 1541 3349; x_wconf 85' lang='lat' dir='ltr'><strong>Da·</strong></span> 
     </span>
     <span class='ocr_line' id='line_1_23' title="bbox 522 3402 1541 3488; baseline 0.001 -22"><span class='ocrx_word' id='word_1_156' title='bbox 522 3403 605 3480; x_wconf 88' lang='lat' dir='ltr'><strong>nais,</strong></span> <span class='ocrx_word' id='word_1_157' title='bbox 630 3423 728 3487; x_wconf 90' lang='lat' dir='ltr'><strong>quum</strong></span> <span class='ocrx_word' id='word_1_158' title='bbox 751 3410 955 3480; x_wconf 83' lang='lat' dir='ltr'><strong>cremaretur,</strong></span> <span class='ocrx_word' id='word_1_159' title='bbox 980 3402 1099 3467; x_wconf 88' lang='lat' dir='ltr'><strong>luctum</strong></span> <span class='ocrx_word' id='word_1_160' title='bbox 1122 3404 1275 3467; x_wconf 83' lang='lat' dir='ltr'><strong>excitavit.</strong></span> <span class='ocrx_word' id='word_1_161' title='bbox 1289 3404 1315 3488; x_wconf 79' lang='lat'><strong>³)</strong></span> <span class='ocrx_word' id='word_1_162' title='bbox 1346 3407 1450 3488; x_wconf 82' lang='lat' dir='ltr'><strong>Atque</strong></span> <span class='ocrx_word' id='word_1_163' title='bbox 1465 3404 1541 3467; x_wconf 92' lang='lat' dir='ltr'><strong>baec</strong></span> 
     </span>
     <span class='ocr_line' id='line_1_24' title="bbox 521 3520 1541 3606; baseline 0.004 -23"><span class='ocrx_word' id='word_1_164' title='bbox 521 3521 565 3583; x_wconf 89' lang='lat' dir='ltr'><strong>ita</strong></span> <span class='ocrx_word' id='word_1_165' title='bbox 596 3527 686 3605; x_wconf 72' lang='lat' dir='ltr'><strong>poeta</strong></span> <span class='ocrx_word' id='word_1_166' title='bbox 712 3520 889 3604; x_wconf 87' lang='lat' dir='ltr'><strong>proposuit,</strong></span> <span class='ocrx_word' id='word_1_167' title='bbox 914 3530 950 3584; x_wconf 92' lang='lat' dir='ltr'><strong>ut</strong></span> <span class='ocrx_word' id='word_1_168' title='bbox 972 3520 1149 3606; x_wconf 81' lang='lat' dir='ltr'><strong>exemplum</strong></span> <span class='ocrx_word' id='word_1_169' title='bbox 1171 3522 1262 3585; x_wconf 90' lang='lat' dir='ltr'><strong>sortis</strong></span> <span class='ocrx_word' id='word_1_170' title='bbox 1285 3522 1437 3586; x_wconf 89' lang='lat' dir='ltr'><strong>humanae</strong></span> <span class='ocrx_word' id='word_1_171' title='bbox 1460 3544 1541 3587; x_wconf 90' lang='lat' dir='ltr'><strong>com·</strong></span> 
     </span>
     <span class='ocr_line' id='line_1_25' title="bbox 522 3637 1541 3724; baseline 0.002 -21"><span class='ocrx_word' id='word_1_172' title='bbox 522 3637 697 3715; x_wconf 88' lang='lat' dir='ltr'><strong>mendaret,</strong></span> <span class='ocrx_word' id='word_1_173' title='bbox 728 3637 929 3722; x_wconf 87' lang='lat' dir='ltr'><strong>doceretque,</strong></span> <span class='ocrx_word' id='word_1_174' title='bbox 960 3638 1041 3716; x_wconf 89' lang='lat' dir='ltr'><strong>suis,</strong></span> <span class='ocrx_word' id='word_1_175' title='bbox 1075 3661 1152 3723; x_wconf 88' lang='lat' dir='ltr'><strong>quas</strong></span> <span class='ocrx_word' id='word_1_176' title='bbox 1175 3662 1194 3702; x_wconf 95' lang='lat' dir='ltr'><strong>a</strong></span> <span class='ocrx_word' id='word_1_177' title='bbox 1217 3638 1283 3703; x_wconf 89' lang='lat' dir='ltr'><strong>Deo</strong></span> <span class='ocrx_word' id='word_1_178' title='bbox 1305 3641 1437 3724; x_wconf 89' lang='lat' dir='ltr'><strong>quisque</strong></span> <span class='ocrx_word' id='word_1_179' title='bbox 1460 3662 1541 3706; x_wconf 86' lang='lat' dir='ltr'><strong>acce·</strong></span> 
     </span>
     <span class='ocr_line' id='line_1_26' title="bbox 522 3752 1540 3841; baseline 0.003 -23"><span class='ocrx_word' id='word_1_180' title='bbox 522 3755 618 3838; x_wconf 89' lang='lat' dir='ltr'><strong>perit,</strong></span> <span class='ocrx_word' id='word_1_181' title='bbox 651 3752 743 3819; x_wconf 89' lang='lat' dir='ltr'><strong>rebus</strong></span> <span class='ocrx_word' id='word_1_182' title='bbox 772 3762 951 3819; x_wconf 89' lang='lat' dir='ltr'><strong>contentum</strong></span> <span class='ocrx_word' id='word_1_183' title='bbox 974 3777 1041 3819; x_wconf 87' lang='lat' dir='ltr'><strong>esse</strong></span> <span class='ocrx_word' id='word_1_184' title='bbox 1064 3764 1213 3840; x_wconf 90' lang='lat' dir='ltr'><strong>oportere.</strong></span> <span class='ocrx_word' id='word_1_185' title='bbox 1260 3756 1408 3841; x_wconf 81' lang='lat' dir='ltr'><strong>Ejusdem</strong></span> <span class='ocrx_word' id='word_1_186' title='bbox 1431 3756 1540 3822; x_wconf 86' lang='lat' dir='ltr'><strong>Cadmi</strong></span> 
     </span>
     <span class='ocr_line' id='line_1_27' title="bbox 521 3873 1538 3959; baseline 0.003 -23"><span class='ocrx_word' id='word_1_187' title='bbox 521 3873 621 3959; x_wconf 89' lang='lat' dir='ltr'><strong>proles</strong></span> <span class='ocrx_word' id='word_1_188' title='bbox 645 3873 758 3958; x_wconf 90' lang='lat' dir='ltr'><strong>quibus</strong></span> <span class='ocrx_word' id='word_1_189' title='bbox 780 3873 875 3937; x_wconf 81' lang='lat' dir='ltr'><strong>fuerit</strong></span> <span class='ocrx_word' id='word_1_190' title='bbox 897 3883 928 3937; x_wconf 90' lang='lat' dir='ltr'><strong>et</strong></span> <span class='ocrx_word' id='word_1_191' title='bbox 948 3873 1070 3959; x_wconf 81' lang='lat' dir='ltr'><strong>gaudiis</strong></span> <span class='ocrx_word' id='word_1_192' title='bbox 1086 3885 1191 3938; x_wconf 75' lang='lat' dir='ltr'><strong>evecta</strong></span> <span class='ocrx_word' id='word_1_193' title='bbox 1206 3884 1238 3938; x_wconf 91' lang='lat' dir='ltr'><strong>et</strong></span> <span class='ocrx_word' id='word_1_194' title='bbox 1252 3875 1366 3939; x_wconf 86' lang='lat' dir='ltr'><strong>afflicta</strong></span> <span class='ocrx_word' id='word_1_195' title='bbox 1380 3874 1538 3953; x_wconf 91' lang='lat' dir='ltr'><strong>cladibus,</strong></span> 
     </span>
     <span class='ocr_line' id='line_1_28' title="bbox 522 3989 1538 4078; baseline -0.001 -23"><span class='ocrx_word' id='word_1_196' title='bbox 522 3989 700 4055; x_wconf 90' lang='lat' dir='ltr'><strong>consolandi</strong></span> <span class='ocrx_word' id='word_1_197' title='bbox 723 4012 817 4055; x_wconf 89' lang='lat' dir='ltr'><strong>causa</strong></span> <span class='ocrx_word' id='word_1_198' title='bbox 838 3990 1011 4055; x_wconf 74' lang='lat' dir='ltr'><strong>&#39;l&#39;hcronem</strong></span> <span class='ocrx_word' id='word_1_199' title='bbox 1035 3992 1170 4055; x_wconf 81' lang='lat' dir='ltr'><strong>narravit</strong></span> <span class='ocrx_word' id='word_1_200' title='bbox 1188 3993 1221 4055; x_wconf 89' lang='lat' dir='ltr'><strong>in</strong></span> <span class='ocrx_word' id='word_1_201' title='bbox 1241 3994 1374 4057; x_wconf 88' lang='lat' dir='ltr'><strong>carmine</strong></span> <span class='ocrx_word' id='word_1_202' title='bbox 1393 3990 1538 4078; x_wconf 69' lang='lat' dir='ltr'><strong>Olympio</strong></span> 
     </span>
     <span class='ocr_line' id='line_1_29' title="bbox 520 4109 1264 4196; baseline 0.001 -23"><span class='ocrx_word' id='word_1_203' title='bbox 520 4109 674 4175; x_wconf 86' lang='lat' dir='ltr'><strong>secundo:</strong></span> <span class='ocrx_word' id='word_1_204' title='bbox 697 4132 788 4194; x_wconf 89' lang='lat' dir='ltr'><strong>quem</strong></span> <span class='ocrx_word' id='word_1_205' title='bbox 812 4111 915 4174; x_wconf 91' lang='lat' dir='ltr'><strong>locum</strong></span> <span class='ocrx_word' id='word_1_206' title='bbox 938 4132 1032 4196; x_wconf 88' lang='lat' dir='ltr'><strong>supra</strong></span> <span class='ocrx_word' id='word_1_207' title='bbox 1055 4110 1264 4195; x_wconf 76' lang='lat' dir='ltr'><strong>attigimus.4)</strong></span> 
     </span>
    </p>
   </div>
   <div class='ocr_carea' id='block_1_5' title="bbox 555 4384 1324 4544">
    <p class='ocr_par' dir='ltr' id='par_1_6' title="bbox 555 4384 1324 4544">
     <span class='ocr_line' id='line_1_30' title="bbox 556 4384 1324 4450; baseline -0.001 -18"><span class='ocrx_word' id='word_1_208' title='bbox 556 4384 1324 4450; x_wconf 57' lang='lat' dir='ltr'><strong>ummmm.ammum</strong></span> 
     </span>
     <span class='ocr_line' id='line_1_31' title="bbox 555 4478 1233 4544; baseline 0.003 -19"><span class='ocrx_word' id='word_1_209' title='bbox 555 4478 859 4544; x_wconf 55' lang='lat' dir='ltr'><strong>mmmmm.</strong></span> <span class='ocrx_word' id='word_1_210' title='bbox 1004 4478 1233 4542; x_wconf 54' lang='lat' dir='ltr'><strong>amma</strong></span> 
     </span>
    </p>
   </div>
   <div class='ocr_carea' id='block_1_6' title="bbox 0 0 1868 5542">
    <p class='ocr_par' dir='ltr' id='par_1_7' title="bbox 0 0 1868 5542">
     <span class='ocr_line' id='line_1_32' title="bbox 0 0 1868 5542; baseline 0 2"><span class='ocrx_word' id='word_1_211' title='bbox 0 0 1868 5542; x_wconf 95' lang='lat' dir='ltr'><strong> </strong></span> 
     </span>
    </p>
   </div>
  </div>
 </body>
</html>
