3725 5542
802 719 840 779 57

316 917 441 1000 ginqum
467 925 626 1002 captantes
648 917 753 981 inania
776 939 829 1002 spe
854 914 971 979 ἰττὶιὰυ
986 914 1010 996 ¹)
1046 916 1149 997 Atque
1168 914 1200 977 in
1221 911 1326 975 eodem

316 1034 459 1111 carmine,
482 1042 645 1120 postquam
667 1034 843 1119 Aesculapii
865 1032 1040 1117 superbiam
1057 1053 1246 1117 poenamque
1262 1052 1330 1094 nar·

316 1152 403 1230 rarit,
429 1152 612 1239 subjungit:

484 1274 543 1351 xpi
567 1272 609 1336 rol
630 1272 745 1336 ἐοικότα
769 1273 829 1351 τὰρ

483 1388 623 1465 δαιμόνων
645 1388 832 1467 μιιττενέμεν
855 1389 974 1458 θνιιτνιῑς
998 1387 1103 1467 opaci,

483 1506 594 1582 γνόντα
615 1508 650 1571 τὸ
672 1506 733 1585 rap
755 1506 856 1587 ποδὸς,
880 1504 940 1578 οἵας
963 1506 1042 1583 alala
1064 1503 1159 1575 ιιῖτνις.

356 1624 476 1700 „Decet
495 1623 708 1687 convenientia
726 1630 827 1689 mente
849 1622 971 1687 mortali
991 1623 1107 1708 precari
1129 1644 1147 1685 a
1166 1622 1249 1694 Diis,
1270 1644 1330 1685 rne-

315 1763 423 1805 morem
456 1742 500 1804 rei
532 1742 717 1825 praesentis,
746 1741 834 1825 cujus
862 1742 952 1805 sortis
976 1742 1081 1805 simus.
1129 1738 1196 1817 Ne,
1220 1762 1239 1802 o
1262 1763 1330 1803 mea

315 1881 413 1935 mens,
446 1859 539 1922 vitam
570 1858 774 1923 immortalem
805 1859 929 1936 affecta,
962 1858 1016 1922 sed
1043 1858 1075 1921 id
1099 1858 1207 1923 molire
1229 1880 1327 1942 opus,

315 1976 393 2059 quod
417 1976 560 2061 perficere
582 1976 713 2060 possis.”
724 1977 760 2059 2)
802 1976 961 2061 Simplicia
979 1976 1055 2040 haec
1073 1984 1236 2061 praecepta
1254 1985 1328 2037 sunt

315 2092 350 2157 de
371 2094 580 2157 continentia:
605 2092 658 2157 sed
682 2092 758 2177 qnid
776 2094 843 2177 ipsa
862 2094 1031 2179 simplicius
1051 2094 1242 2158 continentia
1261 2091 1327 2155 est?

317 2209 422 2294 Neque
441 2210 473 2274 id
493 2211 698 2275 omittendum
715 2221 777 2289 est,
794 2233 935 2275 revocare
950 2210 1118 2275 Pindarum
1134 2234 1217 2287 eam,
1234 2232 1325 2294 quam

317 2328 523 2405 commendat,
555 2328 699 2393 virtutem
732 2328 770 2392 ad
801 2329 954 2413 optimum
985 2329 1084 2393 omnis
1115 2327 1328 2413 philosophiae

318 2443 497 2527 nautisque
528 2445 731 2531 principium,
763 2447 848 2523 γνῶθι
879 2445 1020 2521 uecordi,
1043 2468 1136 2511 nosce
1159 2454 1190 2510 te
1213 2447 1325 2531 ipsum.

360 2560 430 2627 Non
461 2585 480 2625 a
509 2562 600 2627 rebus
631 2563 818 2648 grandibus,
849 2586 913 2628 non
941 2564 1164 2628 aclarrissima
1187 2565 1327 2647 quamvis

317 2700 382 2744 curn
401 2680 507 2745 labore
527 2681 663 2767 paranda
682 2682 780 2768 gloria
799 2692 922 2747 revocat
940 2683 982 2761 is,
1003 2684 1057 2767 qni
1074 2684 1241 2747 amicornm
1258 2704 1327 2747 suo

317 2818 380 2862 rum
402 2798 533 2883 gloriam
556 2800 743 2877 cumulavit,
768 2822 880 2885 eosque
904 2823 1023 2885 semper
1048 2800 1204 2865 incitavit:
1229 2821 1328 2883 neque

317 2914 432 2980 adalta
452 2915 613 2981 tendentes
635 2918 768 3001 quodam
789 2919 893 3004 lapsus
912 2926 997 2983 meto
1017 2919 1162 2982 retinnit:
1184 2918 1238 2982 sed
1257 2918 1330 2982 fecit

316 3030 357 3107 id,
377 3032 460 3116 quod
482 3031 622 3097 videatur
640 3034 854 3101 difficillimum
860 3083 869 3114 ,
891 3044 928 3100 ut
947 3036 1078 3120 erigeret
1093 3036 1211 3121 optima
1225 3036 1329 3100 studia

316 3156 343 3211 et
370 3150 473 3214 laudis
505 3151 654 3236 impetum
686 3153 814 3217 consilio
845 3162 973 3239 regeret.
1010 3154 1106 3218 Velut
1127 3155 1162 3218 in
1184 3154 1243 3218 hoc
1266 3176 1329 3247 ear·

314 3267 405 3345 mine,
426 3267 459 3331 in
480 3288 544 3351 qno
563 3266 747 3334 Coronidem
768 3280 798 3335 et
819 3272 1040 3356 Aesculapium
1061 3274 1326 3349 commemoravit,

314 3384 423 3470 scripto
441 3385 480 3449 ad
497 3384 680 3464 Hieronem,
697 3388 803 3452 morbo
819 3396 887 3453 tum
904 3390 1110 3468 laborantem,
1128 3392 1230 3454 animo
1246 3413 1327 3468 vero,

314 3509 346 3566 ut
361 3502 496 3581 ridetur,
515 3504 708 3589 aliquantum
725 3506 919 3593 depressum,
937 3508 1041 3594 attigit
1055 3530 1179 3592 quoque
1192 3510 1329 3594 priorum

314 3622 508 3699 sententiam,
531 3644 623 3706 qnam
645 3632 735 3688 antea
755 3627 967 3710 exposuimus,
985 3627 1075 3711 juxta
1093 3649 1192 3691 unum
1212 3627 1326 3691 bonum

314 3734 371 3801 dno
402 3738 483 3803 mala
514 3740 695 3805 mortalibus
727 3744 863 3809 tribuere
892 3744 983 3809 Deos.
996 3745 1021 3829 8)
1066 3745 1126 3809 Sed
1150 3768 1212 3830 quo
1236 3746 1327 3810 modo

313 3854 458 3937 ejusmodi
482 3856 658 3923 conditione
683 3860 835 3925 utendum
859 3870 964 3946 putet,
988 3863 1141 3947 praeclare
1160 3864 1325 3948 praecipit:

479 3974 521 4039 orl
543 3977 597 4051 μὲν
621 3972 658 4039 ὦν
963 3949 968 3957 .

480 4094 512 4156 od
534 4092 672 4159 δύναιντιιι
695 4096 786 4171 νήτιιι
809 4098 909 4176 κόσμῳ
932 4098 1044 4178 Φέρειν,

480 4211 552 4274 ἀλλ’
578 4212 698 4289 ἆγνόιὶ,
729 4215 769 4279 rol
792 4218 875 4280 ιιιιλᾶ
898 4217 1060 4297 τρέψαντες
1084 4216 1153 4293 ἔξω·

324 4370 497 4387 *—

347 4478 370 4540 l)
387 4481 427 4545 Py.
447 4482 502 4531 [ΙΙ.
521 4482 562 4533 34.
663 4486 687 4547 2)
707 4486 768 4535 laid.
788 4486 844 4535 105.
946 4488 971 4549 3)
989 4488 1062 4539 Ocni.
1075 4505 1132 4555 pap.
1151 4487 1190 4537 dd.
