3725 5542
1025 738 1089 799 506

543 930 689 999 officitur:
714 945 781 1001 tum
804 960 874 1002 vcro
898 960 934 1001 ea
956 938 1055 1022 gloria
1077 936 1115 999 sd
1138 937 1239 1019 ipsum
1264 949 1388 1020 quoquc
1411 934 1555 999 rictorem

546 1052 727 1133 pertinebit:
751 1054 783 1118 id
806 1054 891 1139 quod
914 1054 1106 1138 significatur
1129 1052 1221 1116 verbo
1244 1052 1356 1115 medio.

592 1171 644 1234 75.
679 1170 753 1251 ἔργῳ
774 1172 911 1238 ments.
943 1171 1052 1251 Ἔργον
1076 1176 1122 1234 ost
1144 1170 1242 1255 ipsius
1265 1168 1353 1233 labor
1373 1168 1557 1233 certamuis.

546 1284 635 1349 Cous.
659 1297 764 1352 annot.
789 1290 828 1353 ad
850 1288 901 1353 Ol.
926 1288 992 1354 vn
1018 1292 1091 1353 154.
1127 1289 1278 1366 Κιιθσιρεΐν
1301 1309 1321 1349 a
1339 1286 1504 1351 scholiasta
1522 1284 1559 1348 dc

544 1404 706 1488 profligato
729 1405 901 1470 adversario
922 1428 958 1469 ac
974 1406 1144 1491 perdomita
1159 1406 1224 1489 ejus
1240 1405 1423 1489 gloriatione
1439 1403 1557 1467 dicturo

544 1542 610 1584 csso
634 1532 778 1606 putatur,
799 1533 834 1587 ut
849 1524 1039 1589 monuimus:
1058 1532 1089 1587 ot
1104 1544 1194 1605 saepo
1209 1520 1361 1607 ejusmodi
1377 1520 1558 1605 significatio

544 1645 606 1715 est,
624 1640 709 1704 velut
724 1640 839 1705 Herod.
856 1641 873 1704 I
890 1643 930 1708 71
949 1650 1062 1719 Κροῖσος
1078 1642 1205 1712 ἐλπίσας
1221 1641 1407 1718 καταιρήσειν
1422 1638 1512 1719 Κῦρόν
1527 1660 1558 1702 σε

546 1756 597 1821 acl
612 1760 664 1832 rin
680 1758 810 1840 Περσέων
824 1759 955 1836 δύναμιν.
981 1759 1098 1824 Verum
1114 1760 1152 1823 de
1164 1759 1304 1823 confecto
1316 1758 1384 1843 ipso
1395 1756 1559 1822 conamine

548 1885 580 1939 ot
602 1874 641 1940 do
664 1886 818 1960 reportata
840 1879 985 1942 victorico
1008 1878 1107 1963 gloria
1122 1877 1239 1941 dictum
1255 1897 1320 1939 esso
1335 1875 1467 1939 vidntur.
1503 1874 1557 1959 Py.

547 1991 576 2050 V
600 1995 643 2054 26
666 2006 697 2056 ct
719 1992 804 2079 Tyrt.
829 1994 882 2059 III
905 1998 947 2059 36
972 2004 1019 2059 ost
1040 1992 1129 2076 εὖχος
1153 1995 1237 2058 ἑλεῖν.
1272 1992 1367 2076 Sopb.
1391 1990 1469 2055 Ocd.
1493 1990 1559 2055 001.

548 2111 633 2172 1148
663 2111 745 2189 ἀγὸν
774 2113 829 2189 μὲν
859 2109 940 2184 οὗτος
968 2111 1057 2193 ᾑρέθη.
1107 2110 1199 2196 Apud
1223 2108 1418 2175 Herodotum
1441 2107 1558 2173 Xerxes

547 2228 704 2293 Artabino
734 2229 773 2294 <lo
805 2230 924 2314 magnis
948 2232 1097 2314 majorum
1121 2248 1248 2293 suorum
1270 2226 1361 2291 robus
1383 2225 1500 2311 gostis,
1523 2224 1559 2289 L.

548 2344 612 2409 VII
636 2349 692 2409 50:
716 2349 844 2423 μεγάλαι
866 2348 926 2427 γὰρ
946 2350 1115 2429 πρήγμασσ
1134 2346 1292 2422 μεγάλοισι
1310 2344 1456 2409 κινδύνοισι
1471 2341 1560 2409 ἐθέλει

547 2464 758 2540 maturatas.
805 2464 847 2527 Et
878 2465 916 2529 do
947 2465 1021 2550 ipsis
1054 2464 1193 2549 procliis.
1208 2461 1257 2526 IX
1287 2464 1348 2537 35,
1380 2460 1559 2525 Tisamenus

548 2588 631 2643 vatos
653 2580 872 2666 Spartanorum
893 2582 1017 2667 adjutor
1035 2580 1122 2647 πέντε
1137 2589 1193 2660 σφι
1207 2579 1422 2656 μενσευόμενσς
1438 2580 1556 2654 ἀγῶνοις

546 2698 759 2778 συγκαταιρέει.
805 2698 1007 2777 Plutarchus,
1042 2698 1121 2763 Cim.
1158 2696 1241 2762 XIII
1276 2696 1314 2760 do
1348 2696 1484 2759 victoriis
1517 2694 1554 2759 ad

547 2813 805 2898 Eurymedontem
829 2817 867 2880 ab
890 2818 965 2901 ipsis
987 2816 1069 2880 ludis
1093 2815 1183 2879 verba
1207 2814 1318 2878 sumit:
1342 2812 1442 2888 ΚΙμιιν
1464 2810 1557 2877 Ησ-

546 2956 600 3011 σερ
621 2933 750 3007 ἀθλητὴς
773 2934 875 3013 δεινὸς,
899 2934 993 3016 ἡμέρᾳ
1014 2938 1070 3015 μιᾷ
1093 2932 1140 2996 δύο
1163 2930 1322 3011 salam
1343 2928 1555 3006 ὦγωνΙσμασιε.
1665 2908 1666 2945 ³

545 3048 634 3115 Ocni·
658 3051 817 3115 annotatio
840 3053 878 3115 ad
901 3074 973 3115 eum
997 3050 1099 3114 locum
1123 3046 1254 3113 Amoldi
1277 3047 1397 3123 Elabar,
1422 3069 1473 3130 pp.
1493 3048 1557 3109 114

546 3176 577 3234 st
604 3172 683 3246 164,
707 3178 740 3233 ct
762 3168 921 3233 annotatio
945 3175 1050 3232 nostra
1073 3165 1111 3229 ad
1134 3164 1185 3228 Ol.
1210 3164 1226 3226 I
1253 3166 1326 3227 142.

594 3292 644 3353 76.
680 3288 795 3353 στάδιον
821 3288 999 3366 ἀρίστευσεν.
1035 3283 1141 3363 Quum
1164 3284 1224 3347 hoc
1247 3281 1314 3344 loco
1338 3281 1414 3345 certi
1437 3278 1556 3363 gonorb

545 3414 698 3471 certamen
733 3405 824 3469 verbo
854 3402 996 3467 additum
1026 3402 1085 3479 sit,
1117 3400 1242 3463 omnino
1274 3397 1337 3461 lato
1367 3402 1453 3481 patat
1482 3416 1558 3459 usus

545 3524 711 3589 accusativi
741 3523 775 3586 in
804 3522 903 3585 verbis
933 3518 1072 3584 certandi
1102 3527 1134 3583 ot
1164 3514 1324 3581 riuoandi:
1357 3513 1443 3578 volut
1475 3510 1557 3597 apud

544 3642 764 3717 Plutarchum,
790 3640 884 3704 Phoc.
908 3638 988 3714 XX,
1005 3636 1149 3701 scribitur
1164 3635 1366 3711 ἀγωνίσασθαι
1380 3631 1556 3708 ἀποβάτην,

543 3760 577 3825 iu
599 3782 662 3845 quo
686 3766 818 3823 certator
840 3778 896 3841 pro
917 3754 1055 3819 certandi
1070 3776 1180 3838 gonaro
1196 3760 1289 3837 atque
1304 3752 1349 3815 ita
1365 3771 1420 3835 pro
1436 3748 1556 3832 objecto

541 3878 625 3943 vorbi
647 3877 784 3961 ponitur.

589 3997 641 4060 79.
675 3995 743 4059 lbi
765 3994 861 4072 πάλᾳ.
898 3991 1041 4075 Intelligo
1059 3992 1236 4070 ἀρίστευσεν.
1272 3986 1439 4070 Ριισιίσίριο
1455 3982 1553 4049 moal-

542 4137 595 4177 νων
621 4111 784 4196 respicitur
804 4108 842 4173 ad
866 4109 1011 4174 victorias
1033 4106 1162 4193 gloriam
1186 4104 1409 4170 redundantum
1432 4102 1471 4165 ad
1493 4100 1554 4164 vic·

545 4229 620 4293 toris
643 4228 783 4311 patriam.

591 4346 643 4407 81.
677 4345 772 4415 τέλος.
806 4342 938 4407 Folicom
962 4342 1087 4406 exitum.
1135 4339 1191 4403 Ist.
1216 4337 1263 4402 IV
1288 4340 1328 4401 52

836 4464 916 4527 ἔστιν
942 4458 968 4525 δ’
990 4457 1122 4543 ἀφάνεια
1144 4458 1245 4538 τύχας
