3725 5542
844 740 907 800 259

417 939 570 1005 Memorat
599 940 731 1005 Thomas
761 940 927 1025 Magister,
953 938 1189 1026 Aristophanem
1214 941 1388 1023 grammati·

374 1078 444 1121 eum
475 1055 661 1141 disposuisse
692 1055 819 1121 Pindari
850 1056 1004 1135 earmina,
1040 1063 1071 1121 et
1102 1057 1200 1141 primo
1232 1056 1298 1121 loeo
1330 1058 1389 1121 hoe

375 1198 495 1241 carmen
527 1177 683 1261 posuisse,
713 1177 787 1260 quia
818 1178 989 1241 contineret
1010 1177 1185 1241 certaminis
1208 1176 1303 1261 ipsius
1327 1177 1390 1241 lau-

374 1294 529 1359 dationem
552 1304 583 1359 et
605 1316 653 1359 res
676 1293 814 1381 Pelopis,
839 1298 893 1380 qui
917 1296 1034 1381 primus
1057 1296 1090 1360 in
1109 1294 1199 1360 Elide
1218 1296 1389 1360 certaverit.

419 1412 521 1477 Etiam
545 1412 620 1478 olibi
643 1435 711 1478 eum
736 1412 900 1500 Olympico
923 1413 1089 1478 certamine
1112 1413 1236 1499 Pelopis
1260 1413 1388 1499 gloriam

375 1529 470 1594 Poeta
493 1531 670 1616 conjungit,
696 1531 780 1597 velut
804 1530 901 1596 OLV
925 1534 967 1595 21
992 1539 1025 1595 et
1047 1530 1098 1596 Ol.
1122 1531 1171 1595 IX
1199 1534 1248 1597 15.

424 1768 452 1831 l.
487 1764 601 1847 οἰριοτον
623 1767 678 1846 μὲν
701 1764 780 1849 ἰίὂννρ.
828 1766 944 1832 Eodem
973 1773 1020 1831 est
1044 1788 1141 1853 equae
1165 1775 1197 1831 et
1220 1767 1288 1831 euri
1312 1788 1392 1831 eom-

377 1886 494 1969 perutio
517 1906 589 1949 oum
612 1906 732 1949 summu
755 1907 855 1949 rerum
882 1883 1137 1971 praestentieOl.
1159 1884 1285 1950 11175.
1312 1884 1393 1949 Lau·

378 2001 450 2066 duta
480 2010 584 2067 sutem
614 2010 661 2067 est
692 2024 771 2087 equa
803 2010 926 2087 propter
950 2002 1144 2080 utilitatem,
1176 2010 1212 2066 ut
1240 2011 1287 2066 est
1309 2002 1394 2088 opud

378 2120 593 2198 Aristotelem,
617 2118 708 2185 Bhet.
733 2119 750 2183 I
775 2123 810 2186 l:
834 2118 927 2185 ἄλλον
950 2122 980 2184 δὲ
1002 2120 1105 2201 πρθπον
1123 2119 1157 2184 τί
1176 2117 1300 2202 ἄφθονον
1321 2122 1396 2204 (μεῖ-

377 2237 434 2322 ζον)
458 2244 510 2304 τοῦ
532 2238 671 2315 σπανίοο,
696 2236 739 2302 ὅτι
763 2239 780 2313 ἦ
802 2246 906 2317 χρῆσις
931 2237 1085 2319 ὑπερέχει·
1109 2237 1226 2319 τὸγὰρ
1252 2237 1395 2311 πολλοίκις

377 2361 429 2421 τοῦ
452 2356 586 2433 θλιμοίιιις
611 2356 765 2436 ὑπερέχει·
789 2352 848 2419 θθεν
871 2354 995 2431 λέγεται
1019 2353 1135 2435 οἰριοπον
1157 2358 1211 2425 μὲν
1234 2352 1314 2432 ὕδωρ.

424 2472 438 2537 d
466 2471 496 2536 δὲ
525 2472 634 2553 χρνοίς
664 2496 692 2537 κ.
722 2496 752 2538 τ.
783 2486 813 2537 λ.
860 2471 1031 2537 (loustruet
1059 2473 1127 2538 ἰδὲ
1149 2473 1257 2553 χρυσὸς
1280 2471 1396 2553 οἰριοτός

378 2591 458 2669 ἐστι,
491 2590 538 2654 vel
570 2589 674 2674 potius
697 2590 846 2669 διαπρέπει
869 2590 1029 2671 μεγάνορος
1051 2589 1147 2672 ἔξοχα
1168 2590 1316 2668 πλούτου,
1340 2588 1396 2655 ἅτε

379 2708 525 2788 αἰθόμενον
549 2713 606 2789 πῦρ
629 2708 779 2789 διαπρέπει
803 2708 894 2775 ννιοπί.

426 2830 458 2891 2.
492 2826 639 2906 αἰθθμενον
671 2832 738 2907 πῦρ.
784 2824 899 2891 Crebro
934 2826 979 2889 sio
1016 2832 1124 2911 poetes
1152 2826 1289 2909 antiqui:
1316 2826 1400 2890 velut

381 2944 475 3009 Hom.
499 2944 537 3009 Il.
563 2942 642 3008 XVI
667 2945 707 3007 81

697 3064 741 3141 μὴ
762 3062 796 3138 δὴ
819 3060 906 3143 πνρίς
929 3062 1085 3139 αἰθομένοιο

515 3189 586 3257 νῆας
609 3182 786 3262 ἐνιπρήσωσι.

381 3296 495 3365 ibidem
521 3302 585 3364 293

699 3416 781 3482 κατοί
804 3415 829 3479 δ’
853 3416 976 3494 ἔσβεσεν
998 3415 1146 3495 αἰθθμενον
1168 3422 1235 3497 πῦρ.

382 3535 511 3601 Hesiod.
535 3534 621 3599 Seut.
646 3534 739 3601 Herc.
767 3537 808 3599 60

517 3652 639 3732 τεύχεσι
662 3652 870 3731 λαμπομένας
893 3654 984 3726 σέλας
1006 3650 1043 3727 ὣς
1067 3652 1152 3731 πνρίς
1175 3649 1340 3728 αἰθομένοιο.

383 3769 425 3833 Et
450 3772 513 3835 275

518 3896 592 3962 τῆλε
615 3887 639 3951 θ’
660 3891 715 3953 ἀπ’
738 3889 891 3967 αἰθομένων
913 3889 1021 3954 δαΐδων
1043 3888 1134 3961 σέλας
1157 3884 1310 3969 εἰλιλραζε.

384 4007 489 4090 Atque
512 4004 561 4070 his
585 4004 713 4071 Homeri
737 4006 812 4073 loeis
838 4008 882 4072 vis
906 4008 1045 4072 flammae
1067 4014 1100 4071 et
1121 4004 1256 4070 incendii
1280 4002 1402 4067 videtur

386 4140 473 4209 posse
497 4124 683 4209 significari,
707 4132 738 4189 et
761 4134 863 4191 tumen
888 4126 1010 4211 proprie
1033 4146 1095 4190 non
1116 4124 1248 4189 eelorem
1268 4122 1326 4185 hoo
1342 4120 1404 4206 epi-

384 4244 470 4308 theto
502 4244 630 4330 exprimi
658 4244 767 4324 eredo,
792 4246 846 4310 sed
870 4268 942 4311 eum
965 4246 1046 4331 ignis
1069 4244 1237 4329 fulgorem,
1263 4241 1316 4326 qui
1340 4261 1402 4303 eer-

385 4362 471 4425 uitor
493 4361 608 4425 oeulis:
634 4384 711 4447 quse
728 4364 913 4449 significatio
930 4370 1036 4448 apertu
1051 4370 1098 4427 est
1112 4360 1150 4425 iis
1167 4356 1295 4424 Hesiodi
1311 4355 1402 4433 loeis,

385 4501 463 4563 quoe
495 4479 604 4556 attuli,
633 4489 663 4544 et
690 4481 748 4545 hoe
779 4481 905 4547 Pindari
929 4481 1016 4546 loeo:
1041 4478 1228 4565 intelligitur
1250 4476 1343 4539 etiem
1366 4495 1403 4537 ex

1225 4596 1280 4658 17*
