3725 5542
992 734 1057 796 268

562 939 614 999 66.
651 934 798 999 Similiter
820 934 870 999 Ol.
896 934 979 999 VIII
1003 937 1044 999 67
1068 936 1113 1000 ἄν’
1138 934 1235 1009 ἵπποις
1250 937 1404 1017 χρυσέοις,
1420 937 1529 1022 Eurip.

515 1054 564 1117 Ill.
597 1056 661 1117 466
693 1052 791 1123 ἵττοις
820 1054 866 1130 tp
889 1054 1089 1134 πτεροέσσαις.
1135 1053 1299 1119 Interdum
1322 1078 1357 1119 ea
1380 1055 1531 1139 siguifica-

514 1172 598 1235 tione
623 1172 748 1256 ponitur
771 1172 958 1257 praepositio
973 1173 1016 1249 ἐν,
1042 1171 1127 1235 velut
1142 1170 1193 1234 01.
1210 1171 1258 1235 IX
1277 1173 1530 1250 126ι1νοιγεῑσθιιι

513 1291 543 1355 έν
565 1294 682 1355 Moeris
705 1290 804 1374 δίφρῳ.

560 1410 613 1473 69.
648 1408 775 1489 δευτέρῳ.
822 1407 895 1472 Fuit
925 1406 1120 1492 Ganymedes
1151 1407 1264 1493 Pelope
1300 1409 1457 1492 antiquior
1486 1433 1531 1474 se·

514 1526 649 1591 cundum
680 1527 852 1612 plerosque.
898 1524 960 1590 Sed
989 1526 1108 1606 θεντέρῳ
1138 1526 1232 1606 χρόνῳ
1259 1525 1338 1590 nihil
1361 1527 1446 1591 aliud
1470 1528 1531 1612 sig·

514 1645 618 1710 nificat
648 1645 708 1709 nisi
739 1650 876 1730 tempore
898 1645 1084 1729 posteriore:
1109 1667 1182 1729 ergo
1206 1644 1361 1709 Pindarus
1383 1645 1530 1732 Pelopem

513 1764 589 1829 iacit
610 1764 831 1849 antiquiorem:
857 1770 888 1827 et
910 1764 971 1828 tuit
993 1763 1055 1841 ita,
1080 1764 1106 1827 si
1129 1763 1323 1848 Ganymedes
1344 1786 1407 1828 non
1422 1764 1528 1843 Trois,

513 1882 566 1945 sed
602 1881 821 1947 Laomedontis
856 1882 940 1947 tilius
974 1882 1125 1961 habetur,
1156 1882 1416 1967 quemadmodum
1446 1884 1529 1968 apud

513 2000 622 2086 Eurip.
658 2000 768 2065 moad.
794 2003 857 2064 821
883 2000 1080 2079 Λαομεδόντιε
1102 2008 1178 2077 σοι’,
1202 2002 1291 2075 Ζηνθς
1311 2002 1391 2081 ἔχεις
1406 2000 1530 2067 sutiam

514 2120 735 2199 remeasset
758 2118 840 2204 apud
863 2118 928 2183 Cic.
953 2118 1045 2183 Tusc.
1070 2118 1086 2182 I
1111 2122 1164 2182 26.

561 2240 612 2302 73.
648 2238 749 2318 μιιτρθ.
790 2237 979 2302 Graecorum
1002 2260 1102 2301 mores
1126 2238 1337 2323 spectantibus
1362 2260 1422 2303 non
1446 2262 1530 2325 prae·

514 2357 712 2421 termittende
744 2364 817 2420 sunt
844 2355 1024 2441 hujusmodi
1046 2357 1131 2421 loca:
1156 2379 1227 2421 nam
1251 2379 1347 2442 quum
1372 2357 1453 2443 apud
1476 2380 1529 2421 eos

514 2476 618 2562 aliqua
647 2475 787 2540 videatur
818 2474 991 2540 deminutio
1021 2476 1117 2541 fnisse
1144 2475 1305 2561 dignitatis
1328 2476 1527 2555 feminarum,

514 2595 671 2660 caritatem
703 2603 871 2659 maternam
903 2594 1030 2658 omnino
1060 2602 1142 2659 recte
1164 2603 1385 2680 cognoverunt.
1410 2595 1448 2659 of.
1472 2595 1528 2681 Py.

515 2713 596 2779 VIII
621 2716 704 2793 122,
728 2712 843 2778 Herod.
868 2712 963 2777 131.

561 2836 612 2899 16.
647 2834 795 2913 φθονερῶν.
842 2831 1053 2896 Invidentium
1089 2830 1211 2896 Tantali
1248 2831 1405 2910 felicitati,
1444 2831 1529 2915 quod

513 2949 552 3013 ed
584 2950 651 3035 ejus
683 2949 790 3035 epulas
818 2948 877 3033 ipsi
900 2949 954 3013 Dii
978 2950 1144 3013 venissent.
1191 2948 1273 3034 Ergo
1296 2949 1372 3014 hsce
1395 2950 1528 3028 invidia,

514 3068 684 3133 secundum
708 3068 894 3146 Pindarum,
918 3070 1040 3155 peperit
1063 3066 1218 3153 vulgatam
1239 3068 1278 3133 de
1297 3068 1530 3154 ernentisdapi·

513 3185 572 3251 bus
596 3188 740 3253 tabulam.

561 3307 612 3369 78.
647 3304 759 3385 ζέοισιιν
781 3304 863 3386 ἀμφ’
886 3304 998 3383 epto.
1022 3307 1122 3384 ’Λκμθ
1145 3313 1192 3370 est
1216 3328 1371 3370 summum
1387 3307 1454 3391 ejus
1469 3306 1528 3384 rei,

515 3446 593 3509 quae
617 3422 753 3508 genitivo
777 3445 850 3487 casu
872 3422 1071 3509 adjungitur:
1088 3446 1185 3508 quum
1201 3447 1273 3509 ergo
1290 3424 1350 3487 vim
1367 3424 1530 3489 maximam

515 3542 687 3619 contineat,
719 3540 806 3605 facile
837 3542 863 3605 ei
896 3541 1046 3606 tribuitur
1075 3541 1107 3606 id
1131 3540 1315 3627 adjectivum
1339 3542 1387 3606 vel
1410 3542 1532 3627 partici-

514 3662 618 3747 pium,
643 3659 727 3745 quod
749 3661 887 3745 genitivo
910 3659 1142 3746 adjungendum
1166 3660 1337 3726 videbatur.
1365 3660 1446 3726 Sunt
1464 3662 1531 3746 qui·

515 3780 584 3844 dem
615 3780 708 3844 etiam
739 3780 819 3845 aliae
847 3779 1026 3865 hujusmodi
1049 3780 1216 3865 positiones
1239 3779 1321 3866 apud
1344 3778 1529 3858 Pindarum,

516 3899 568 3963 sed
593 3898 666 3963 hnic
689 3899 757 3963 looo
780 3898 958 3963 simillimus
981 3905 1028 3963 est
1051 3898 1146 3984 hujus
1169 3898 1313 3962 carminis
1338 3922 1370 3962 vs
1397 3901 1460 3961 156

782 4018 882 4096 ἆκριοθ
903 4020 930 4083 τ’
954 4018 1057 4099 ἰσχύος
1080 4016 1256 4099 θρασύπονοι.

563 4138 615 4201 79.
650 4136 745 4213 τάμον
768 4138 849 4201 aar&
872 4137 960 4214 μέλη.
1000 4135 1165 4222 Objectum
1184 4162 1218 4200 σε
1241 4135 1330 4199 facile
1348 4158 1365 4199 e
1384 4142 1451 4199 tota
1471 4135 1531 4199 loci

515 4255 668 4319 sententia
687 4254 887 4339 intelligitur,
910 4254 973 4333 vel,
999 4256 1026 4319 si
1049 4255 1141 4334 velis,
1166 4277 1182 4319 e
1198 4278 1232 4318 va
1248 4256 1289 4317 81
1306 4254 1395 4319 σέθεν.
1412 4254 1451 4318 cl.
1469 4254 1532 4318 He·

516 4371 582 4437 rod.
599 4372 617 4435 Ι
635 4374 696 4436 1111
714 4372 753 4438 de
769 4374 920 4459 Astyage,
941 4372 1081 4459 Herpsgi
1096 4372 1212 4450 filium,
1229 4381 1266 4437 nt
1280 4373 1361 4459 patri
1375 4372 1530 4437 edendum

517 4491 618 4569 daret,
648 4490 822 4571 occidente,
849 4491 975 4571 σφθξιις
1007 4490 1095 4556 αὐτὸν
1124 4491 1175 4555 xci
1198 4492 1279 4556 sard
1300 4492 1397 4569 μέλεοι
1420 4491 1529 4557 διελών.
