3725 5542
814 748 877 810 313

348 949 431 1012 dero.
479 947 645 1031 Nunquam
669 971 729 1012 non
753 948 1053 1013 honorificentissime
1077 947 1228 1011 Pindarus
1244 946 1281 1009 de
1297 944 1350 1008 illo

348 1067 515 1131 existimat:
540 1067 667 1151 gloriam
690 1069 755 1152 ejus
778 1076 808 1132 et
827 1068 980 1153 praeclara
995 1068 1128 1132 facinora
1143 1066 1254 1131 bellica
1269 1065 1351 1129 canit

347 1186 479 1251 carmine
512 1184 664 1251 Nemeaeo
699 1187 805 1251 tertio:
841 1198 871 1251 et
901 1186 1033 1251 Istlrmio
1063 1154 1171 1251 octavo
1200 1207 1235 1247 vs
1270 1185 1349 1246 124:

346 1307 466 1386 ‚,hunc‚
490 1306 605 1390 inquit,
623 1328 661 1371 ne
677 1312 831 1371 mortuum
847 1296 972 1391 quidem
987 1305 1121 1370 carmina
1136 1304 1350 1377 deseruerunt,

347 1448 451 1491 verum
474 1424 511 1490 ad
536 1447 644 1511 rogum
667 1426 730 1512 ejus
746 1424 960 1511 tumulumque
975 1424 1154 1489 Heliconiae
1169 1429 1279 1486 stetere
1295 1420 1353 1483 vir-

348 1547 450 1631 gines,
475 1543 683 1629 celebremque
706 1544 809 1608 fletum
833 1544 1000 1609 carminum
1024 1541 1219 1607 infuderunt:
1237 1538 1351 1624 quippe
1408 1619 1412 1625 Δ

350 1664 406 1727 hoc
440 1663 556 1749 placuit
590 1644 841 1740 ImmortalibusJ
871 1661 999 1747 probum
1032 1661 1130 1725 virum
1160 1658 1251 1723 etiam
1283 1664 1353 1742 post

349 1783 506 1847 interitum
541 1782 611 1847 dare
645 1781 779 1845 Deorum
810 1780 983 1846 cantibus.''
1029 1782 1131 1865 Atque
1161 1778 1218 1842 hae
1249 1782 1352 1841 tantae

348 1899 452 1964 larrdes
479 1901 510 1964 in
535 1921 569 1964 eo
592 1900 725 1965 carmine
747 1899 834 1985 qnasi
857 1898 1025 1963 fundantur
1048 1898 1158 1982 stragis
1181 1896 1246 1981 ejus
1269 1916 1353 1979 prae·

349 2020 454 2100 conio,
490 2041 550 2103 qua
581 2013 749 2104 Telephum
779 2027 810 2083 et
840 1993 1036 2082 Memnonem
1066 2023 1097 2081 et
1128 2014 1292 2079 Hectorem
1323 2023 1353 2077 et

317 2134 318 2138 ’
351 2136 463 2202 multos
498 2136 676 2201 fortissimos
710 2136 819 2222 dejecit
853 2138 885 2202 in
920 2137 1041 2201 inferos.
1087 2134 1220 2199 'lantum
1251 2132 1352 2208 abest,

352 2264 388 2320 ut
411 2256 474 2319 ulle
505 2255 621 2321 bellicis
650 2256 835 2321 iecinoribus
867 2256 997 2322 Achillis
1028 2254 1150 2320 subesse
1172 2253 1270 2340 possit
1292 2274 1355 2315 non

355 2375 610 2461 praestantissima
640 2377 792 2441 memoria.
838 2375 959 2457 Quodsi
986 2376 1062 2439 forte
1084 2374 1153 2458 quis
1177 2372 1215 2437 ad
1238 2378 1356 2437 senten·

354 2494 430 2567 tiam,
460 2492 585 2558 Pindari
619 2494 830 2560 declarandum
865 2515 972 2581 parum
1008 2494 1106 2558 valere
1141 2500 1229 2578 putet
1259 2491 1356 2577 ipsius

353 2613 528 2679 testimonia
556 2612 696 2679 Pindari:
728 2624 843 2692 tamen,
868 2611 1022 2700 quomodo
1045 2635 1113 2677 cnm
1136 2610 1270 2677 Pindaro
1292 2618 1358 2674 tota

355 2733 519 2818 antiquitas
547 2733 579 2796 in
602 2731 757 2797 laudando
781 2734 900 2799 Achille
923 2734 1126 2811 consenserit,
1150 2740 1243 2796 testes
1265 2730 1356 2795 ctiam

354 2851 445 2917 affero
469 2851 661 2937 gravissimos
685 2851 900 2937 philosophos,
922 2852 1081 2917 Platonem
1098 2859 1128 2917 et
1143 2849 1356 2915 Aristotelem:

355 2991 485 3055 quorum
509 2969 560 3035 ille
584 2992 653 3035 enm
677 2994 695 3035 a
720 2970 786 3034 Diis
808 2970 993 3035 honoratum
1015 2979 1046 3035 et
1068 2970 1100 3033 in
1123 2967 1240 3034 insulas
1260 2967 1360 3033 beato

355 3110 425 3152 rum
447 3088 579 3153 missum
610 3110 674 3153 esse
704 3088 796 3167 dicit,
829 3089 900 3173 quia
928 3088 1025 3154 sciens
1048 3087 1157 3153 maluit
1179 3088 1244 3171 ipse
1266 3085 1358 3149 caede

356 3207 497 3273 Hectoris
520 3208 702 3293 perficienda
725 3217 756 3273 ct
775 3207 870 3272 amico
889 3206 1064 3272 ulciscendo
1079 3213 1211 3271 mortem
1225 3205 1360 3269 invenire

356 3350 447 3412 quam
482 3328 638 3413 negligens
675 3350 710 3393 ea
743 3326 781 3391 ad
820 3323 1007 3392 senectutem
1046 3327 1221 3412 pervenire:
1257 3324 1359 3409 Symp.

361 3450 421 3513 179
453 3446 496 3511 E:
532 3447 608 3511 alter
638 3470 708 3511 vero
741 3447 829 3533 quasi
860 3446 942 3510 hunc
972 3446 1074 3530 ipsum
1104 3444 1229 3509 Pindari
1259 3444 1360 3508 locum

358 3567 537 3653 expressisse
568 3566 706 3643 videtur,
738 3564 878 3631 Hectoris
905 3570 937 3627 et
959 3562 1054 3648 Cycni
1077 3562 1200 3627 caedem
1224 3561 1362 3648 propriae

358 3686 442 3751 illius
471 3685 585 3771 gloriae
616 3683 786 3749 vindicans:
817 3682 941 3747 Rhetor.
965 3681 1001 3746 Π
1024 3684 1077 3747 22.
1112 3681 1228 3746 Verum
1250 3680 1361 3744 idcirco

357 3805 495 3871 Thetidis
534 3826 636 3891 preces
670 3809 961 3880 commemorantur,
996 3802 1069 3887 quia
1104 3824 1168 3865 eam
1204 3799 1363 3883 insiguiter

357 3924 478 4011 Jupiter
502 3924 629 3989 amavit:
654 3923 691 3989 ab
715 3921 819 3987 eadem
842 3921 995 3986 Homerus
1016 3922 1102 3985 Jovis
1125 3920 1259 3985 animum
1283 3918 1364 3983 flecti

360 4044 495 4130 prodidit
519 4050 553 4107 ut
576 4042 656 4107 adsit
678 4043 751 4107 forti
774 4044 839 4128 ejus
862 4041 944 4119 filio,
968 4040 1005 4106 II.
1030 4040 1048 4104 I
1071 4043 1153 4118 500,
1177 4036 1261 4102 XIII
1284 4040 1362 4101 350:

360 4172 451 4249 atque
484 4163 551 4249 ipso
586 4184 621 4227 eo
656 4162 741 4247 loco,¹
777 4182 838 4247 qno
873 4161 969 4225 iratus
1002 4159 1125 4244 Jupiter
1158 4155 1273 4221 Achilli
1300 4163 1363 4232 est,

359 4290 517 4369 propterea
546 4281 629 4368 quod
659 4280 823 4345 Hectorem
847 4253 908 4345 non
932 4278 1088 4355 redderet,
1112 4300 1144 4341 se
1167 4276 1199 4339 in
1223 4274 1364 4339 Hectoris

362 4424 486 4488 corpore
509 4401 655 4467 servando
678 4399 892 4465 consulturum
916 4420 980 4463 csse
1004 4396 1133 4462 Achillis
1148 4395 1258 4459 honori
1273 4394 1364 4479 signi-

363 4524 449 4602 ficat,
481 4544 642 4587 memorem
674 4518 782 4584 amoris
812 4516 967 4595 Thetidis,
999 4514 1037 4580 Il.
1068 4512 1176 4579 XXIV
1203 4515 1275 4578 111.
1322 4514 1365 4578 At
