3725 5542
983 708 1048 767 224

405 909 468 971 loo
505 905 621 971 bonnm
651 928 769 991 semper
797 929 920 992 quoque
945 908 996 972 die
1018 908 1122 986 adest,
1146 928 1303 972 summum
1325 909 1409 973 venit
1430 909 1515 974 omni

503 1022 635 1089 mortali.
681 1024 734 1089 Mc
766 1046 836 1089 vero
867 1047 1014 1090 coronare
1044 1024 1129 1089 hunc
1155 1026 1243 1090 decet
1265 1027 1401 1109 equestri
1422 1026 1516 1091 modo

505 1150 598 1207 cantu
628 1142 751 1207 Aeolio:
786 1144 850 1208 scio
881 1166 929 1207 me
968 1143 1122 1230 hospitem
1144 1144 1299 1208 neminem
1320 1143 1449 1208 laudum
1471 1145 1517 1208 in-

503 1259 693 1345 telligentem
724 1262 837 1346 pariter
859 1268 954 1347 atque
976 1261 1114 1346 potantia
1136 1262 1387 1347 praestantiorem
1409 1284 1515 1327 eornm

503 1379 558 1464 qui
592 1400 675 1443 nnnc
709 1379 834 1462 quidem
868 1386 943 1443 sunt
977 1378 1117 1464 gloriosis
1151 1386 1333 1444 ornaturum
1364 1401 1430 1445 esse
1452 1402 1516 1444 oar·

405 1494 468 1557 170
502 1497 621 1561 minum
644 1496 843 1561 indumentis.
889 1497 975 1562 Deus
997 1503 1084 1561 tutor
1098 1497 1296 1560 consiliorum
1311 1504 1436 1562 tuorum
1448 1505 1513 1575 ast,

502 1610 615 1688 Hiero,
640 1611 816 1695 habensque
839 1633 905 1675 eam
928 1634 1034 1678 cunm
1055 1613 1204 1698 prospicit
1225 1613 1282 1677 iis:
1301 1613 1413 1697 quodsi
1428 1613 1512 1677 haud

501 1730 563 1793 cito
597 1730 768 1813 relinquat,
803 1730 895 1795 etiam
929 1731 1097 1795 dulciorem
1131 1752 1220 1816 spero
1253 1754 1302 1795 me
1328 1732 1511 1816 adjutricem

501 1847 582 1911 riam
613 1869 788 1911 sermonum
816 1869 886 1912 curn
919 1870 1011 1912 curru
1041 1848 1133 1913 celeri
1154 1848 1352 1913 inventurum
1374 1855 1407 1911 ct
1428 1870 1513 1933 prae-

501 1963 676 2029 dicaturum
707 1987 789 2043 esse,
822 1986 918 2048 quum
949 1964 989 2028 ad
1018 1986 1181 2029 amoenum
1211 1964 1359 2029 Cronium
1389 1988 1511 2030 venem.

502 2082 581 2147 Mihi
612 2081 736 2167 quidem
768 2081 859 2145 Musa
889 2081 1111 2147 validissimum
1133 2082 1230 2146 telum
1253 2082 1370 2147 viribus
1391 2084 1510 2147 nutrit:

402 2197 465 2258 180
501 2200 569 2264 aliis
599 2201 690 2265 rebus
720 2199 774 2263 alii
796 2200 900 2284 magni
923 2206 1013 2264 sunt:
1036 2206 1205 2264 extremum
1227 2220 1298 2263 vero
1321 2221 1512 2265 consumma·

499 2327 552 2383 tur
573 2317 706 2402 regibus.
753 2316 803 2381 Nc
826 2324 945 2401 spectes
967 2316 1100 2401 longius.
1146 2315 1315 2402 Contingat
1336 2326 1368 2381 et
1382 2318 1441 2382 tibi
1456 2341 1511 2403 per

499 2437 556 2501 hoc
586 2442 708 2519 tempus
739 2434 800 2499 alte
822 2434 980 2512 incedere,
1005 2434 1135 2499 etmihi
1162 2436 1275 2518 pariter
1297 2456 1366 2500 oum
1390 2436 1511 2499 victori-

501 2555 559 2619 bus
583 2574 666 2633 esse,
690 2541 845 2640 praeclaro
867 2552 1018 2638 sapientia
1039 2554 1072 2618 in
1094 2552 1219 2618 Graecis
1243 2553 1352 2619 ubivis.

854 3019 1050 3085 OLYMPIA
1083 3020 1128 3085 Π.

801 3274 940 3319 ruaaonr
962 3274 1194 3333 aomuaurnro,

956 3512 1051 3554 cana

540 3724 736 3789 cithararum
751 3722 868 3787 domini
884 3722 1008 3808 hymni,
1028 3745 1120 3808 quem
1135 3724 1245 3803 deum,
1261 3747 1353 3810 quem
1368 3728 1505 3808 heroem,

495 3863 587 3926 quem
617 3842 716 3904 virum
746 3837 905 3905 dicemus?
949 3839 1029 3903 Sane
1058 3838 1131 3903 Pisa
1156 3838 1243 3905 Jovis
1273 3848 1338 3907 eet:
1363 3841 1507 3929 Olympia

494 3959 629 4025 instituit
663 3955 829 4032 Hercules,
863 3955 1025 4021 manubias
1059 3956 1150 4022 belli:
1185 3956 1357 4024 'lheronem
1381 3970 1506 4045 propter

419 4077 459 4138 lo
494 4078 660 4165 quadrigas
691 4076 827 4141 uictrices
857 4097 930 4140 voce
959 4074 1111 4141 celebrare
1133 4084 1273 4162 oportet,
1294 4080 1415 4163 justum
1436 4082 1507 4145 hos·

493 4198 607 4282 pitem,
638 4195 780 4260 columen
807 4192 986 4278 Agrigenti,
1010 4192 1223 4278 nobiliumque
1244 4203 1368 4280 patrum
1390 4198 1502 4278 decus,

493 4313 629 4379 florentis
652 4312 785 4396 patriae:
809 4309 864 4394 qui
886 4309 985 4375 multa
1008 4313 1090 4397 passi
1112 4313 1215 4377 animo
1238 4336 1353 4378 sacram
1370 4314 1503 4381 habuere

493 4430 595 4494 sedem
615 4428 719 4505 fluvii,
739 4426 922 4510 Siciliaeque
938 4436 1023 4492 erant
1036 4428 1162 4507 oculus,
1179 4451 1349 4515 aevumque
1360 4440 1501 4496 secutum
