3725 5542
865 685 927 745 343

392 884 568 971 abrogatum
601 882 800 948 Lxxxml.
847 880 1034 947 scholiastae
1065 881 1189 947 Pindari
1221 883 1327 947 aliter:
1360 883 1398 946 ad

391 1002 618 1087 inscriptionem
642 1002 783 1066 carminis
807 1000 834 1060 V
859 999 991 1065 truditur
1011 1000 1136 1065 Polemo
1152 1002 1292 1085 posuisse
1306 1003 1396 1066 finem

391 1123 457 1206 ejus
471 1122 645 1187 certaminis
660 1120 710 1185 01.
727 1120 779 1197 cd‘,
801 1142 896 1205 quum
913 1120 1057 1185 tredecim
1071 1120 1203 1185 luissent
1218 1122 1395 1187 certamms:

390 1239 427 1305 ad
460 1264 492 1303 vs
524 1243 543 1303 6
575 1240 690 1305 dicitur
720 1238 797 1304 illud
820 1247 971 1304 certamen
995 1246 1115 1304 tentum
1140 1262 1194 1325 per
1216 1240 1396 1305 decennium

389 1360 561 1438 duravisse,
586 1369 616 1423 et
640 1360 707 1424 linis
733 1360 871 1445 ponitur,
896 1362 928 1425 in
952 1360 1136 1443 quibusdam
1158 1359 1245 1425 libris
1269 1359 1318 1423 01,
1338 1362 1396 1423 85:

389 1480 418 1543 in
444 1478 511 1543 eliis
536 1482 597 1543 89:
622 1502 728 1543 rursus
751 1478 789 1543 ed
809 1501 843 1543 νε
863 1481 901 1543 lt
918 1478 988 1543 linia
1003 1479 1151 1545 statuitur
1165 1480 1260 1543 fuisse
1275 1477 1324 1542 Ol.
1344 1480 1395 1544 85.

432 1570 568 1663 Victoria
590 1597 714 1682 quidem
737 1598 924 1677 Pssumidis,
947 1620 1026 1683 quae
1042 1600 1175 1663 carmine
1190 1606 1301 1682 quarto
1318 1600 1398 1664 cani·

387 1726 451 1793 tur,
476 1739 494 1779 a
517 1716 687 1781 scholiastis
711 1716 842 1781 refertur
865 1716 903 1779 ad
927 1714 977 1779 Ol.
1004 1718 1056 1780 82.
1082 1717 1131 1781 Ad
1151 1715 1277 1781 eundem
1293 1715 1396 1800 Olym·

387 1834 505 1919 piadcm
535 1836 669 1900 referunt
701 1836 873 1913 victoriam,
910 1856 989 1919 quae
1020 1836 1147 1901 materia
1177 1844 1223 1899 est
1253 1837 1395 1901 carminis

386 1955 502 2038 quinti:
535 1964 660 2040 excepto
692 1977 753 2019 uuo
784 1954 902 2019 scholio
932 1955 970 2018 sd
1002 1978 1036 2017 rs
1064 1957 1120 2031 19,
1151 1956 1184 2018 in
1207 1976 1269 2038 quc
1292 1955 1396 2041 hujus-

386 2073 466 2137 modi
490 2076 676 2159 computatio
699 2083 758 2152 est,
786 2083 819 2139 ut
842 2097 935 2140 curru
958 2075 1054 2139 victor
1076 2074 1217 2139 Pssumis
1234 2074 1327 2140 merit
1342 2074 1392 2141 Ol.

386 2198 442 2272 82,
459 2194 554 2259 rhode
568 2204 670 2261 autem
686 2194 735 2259 Ol.
755 2198 805 2259 81.
830 2196 944 2260 Verum
961 2196 992 2260 id
1009 2195 1133 2279 quidem
1149 2196 1274 2259 nimiam
1288 2196 1406 2280 dispo·-

385 2313 468 2377 tondi
484 2314 637 2379 levitatem
654 2315 802 2379 ostendit:
819 2316 931 2379 etenim
948 2337 1044 2399 quum
1060 2313 1103 2379 ibi
1118 2313 1282 2378 scholiasta
1294 2313 1391 2392 dicat,

385 2432 540 2497 victoriam
572 2434 636 2516 ejus
666 2434 801 2497 curulem
825 2434 918 2497 luisse
941 2432 991 2497 Ol.
1018 2436 1078 2511 82,
1103 2434 1269 2497 certamina
1291 2442 1392 2497 autem

383 2551 511 2614 molaris
533 2552 622 2615 linem
647 2552 788 2616 habuisse
812 2550 864 2616 Ol.
883 2554 941 2629 85,
963 2552 1034 2615 inde
1049 2552 1207 2616 contendit
1222 2552 1392 2616 necessario

383 2671 543 2753 consequi,
569 2670 724 2733 victoriam
749 2670 919 2734 Pssumidis
942 2670 1090 2735 molarem
1115 2671 1209 2734 fnisse
1232 2670 1281 2734 Ol.
1308 2673 1360 2734 sl.

428 2787 468 2857 m
490 2787 585 2851 rheda
607 2788 728 2873 quidem
753 2788 894 2865 mulsria,
925 2791 1038 2866 ἀπήνη,
1062 2797 1122 2852 tam
1146 2788 1258 2853 diserte
1281 2811 1392 2854 momo-

383 2906 563 2984 recurvo,
588 2916 624 2970 ut
646 2907 683 2971 de
708 2929 743 2970 eo
766 2909 893 2972 victoria
915 2906 1052 2972 dubitari
1074 2906 1161 2971 nullo
1176 2907 1269 2972 modo
1285 2909 1389 2993 possit.

383 3024 474 3105 Quod
505 3032 604 3090 autem
633 3028 664 3089 in
689 3026 889 3110 inscriptione
915 3037 946 3091 et
969 3026 1093 3090 scholiis
1116 3026 1258 3091 carminis
1280 3026 1310 3088 V
1332 3049 1392 3091 me·

383 3152 531 3221 moratur,
564 3143 640 3209 illud
672 3166 790 3209 carmen
823 3142 982 3209 Pssumidi
1013 3146 1160 3229 scriptum
1189 3168 1270 3222 esse,
1294 3166 1390 3229 quum

383 3262 502 3326 vicisset
532 3263 676 3343 τεθρίππῳ
705 3265 754 3327 καὶ
785 3264 881 3345 ἀπήνῃ
910 3263 960 3327 sai
991 3262 1108 3339 κέλητι,
1136 3262 1167 3326 id
1191 3262 1389 3347 rejiciendum

381 3381 510 3445 videtur.
559 3380 768 3445 Memorantnr
800 3404 835 3445 ea
868 3382 925 3445 tria
957 3381 1121 3445 certamina
1152 3403 1185 3443 vs
1211 3382 1268 3457 15,
1298 3388 1390 3465 atque

381 3498 452 3562 inde
477 3499 550 3562 hseo
572 3501 677 3585 opinio
703 3510 770 3564 orta
793 3498 929 3563 videtur:
955 3498 1060 3563 eodem
1080 3500 1148 3583 jure
1166 3496 1309 3563 Hieronis
1332 3498 1391 3562 vic-

382 3618 507 3693 coriam,
541 3638 620 3701 quse
643 3619 775 3682 carmine
799 3616 945 3705 Olympio
967 3618 1066 3703 primo
1089 3616 1273 3692 celebratur,
1298 3617 1388 3681 etiam

382 3736 474 3799 luisse
509 3735 616 3812 stadii,
653 3735 785 3801 effeceris
821 3760 857 3801 ex
888 3737 953 3821 ejus
983 3736 1125 3800 carminis
1155 3758 1189 3797 νε
1222 3738 1301 3813 154,
1335 3735 1387 3801 ubi

381 3853 517 3917 celeritas
552 3854 662 3939 pedum
701 3856 731 3919 in
767 3855 986 3920 certaminibus
1020 3863 1213 3918 memoratur.
1259 3854 1388 3918 Carmen

381 3974 522 4055 quintum
547 3974 583 4037 sd
609 3975 762 4039 victoriam
785 3974 896 4039 rhedae
918 3973 1101 4058 pertinuisse
1117 3972 1241 4036 omnino
1256 3981 1385 4036 constat.

424 4090 537 4156 Verum
570 4094 710 4158 carminis
742 4094 843 4179 quarti
874 4092 1035 4177 inscriptio
1066 4102 1111 4154 est
1139 4090 1187 4155 rel
1208 4088 1318 4165 ἵπποις,
1340 4092 1386 4154 vel

380 4212 531 4291 τεθρίππῳ.
570 4214 634 4296 Age
658 4236 743 4276 vero:
770 4223 887 4296 praeter
910 4210 989 4275 illud
1012 4210 1166 4286 scholion,
1191 4209 1382 4294 quodquam

380 4330 444 4395 leve
468 4332 507 4393 sit
530 4332 715 4415 significavi,
740 4354 843 4395 omnes
868 4340 1034 4415 utrumque
1057 4352 1177 4394 carmen
1201 4326 1385 4393 adeuntem

380 4448 591 4535 Olympiadem
620 4448 773 4514 LXXXII
797 4451 941 4515 referunt.
989 4448 1090 4533 Igitur
1113 4448 1249 4512 mirabile
1274 4447 1382 4520 luerit,
