3725 5542
986 692 1051 753 366

511 890 662 955 celebrata
685 892 849 976 significari
872 891 1013 957 credunt
1059 888 1154 971 Quod
1176 889 1267 976 longe
1290 913 1377 955 secus
1400 900 1465 955 est:
1490 902 1521 957 et

512 1008 549 1073 de
572 1011 752 1074 commentis
775 1010 926 1111 ejusmodi
946 1012 1010 1096 jam
1033 1011 1108 1074 satis
1130 1009 1228 1073 multa
1248 1010 1363 1073 dixisse
1383 1009 1546 1099 videmur·

511 1129 599 1192 initio
622 1128 833 1214 explicationis
855 1130 950 1215 hujus
972 1130 1124 1194 carminis.
1141 1128 1183 1192 Et
1197 1138 1278 1194 certe
1292 1131 1387 1208 τέρμα
1402 1130 1520 1209 aalma,

510 1247 594 1331 quod
616 1247 707 1312 modo
729 1248 825 1313 Poeta
846 1249 1042 1326 memoravit,
1066 1270 1128 1313 nou
1145 1258 1192 1312 eat
1205 1248 1451 1313 'l'heoxcniorum
1465 1248 1519 1313 scd

510 1367 739 1453 Olympiorum:
764 1375 794 1433 et
816 1370 920 1444 osma
941 1370 1042 1447 dyas,
1067 1389 1158 1454 quem
1174 1367 1353 1452 insequente
1368 1366 1519 1431 sententia

473 1510 477 1521 ·
509 1509 543 1549 vs
576 1489 616 1549 65
646 1494 811 1565 memorat,
843 1486 1057 1572 Olympiorum
1086 1494 1151 1565 est,
1181 1486 1426 1551 Theoxeniorum
1452 1508 1518 1549 esee

493 1576 569 1669 ⁸non
593 1612 702 1690 potest.
749 1602 837 1685 Quae
860 1627 932 1690 ergp
956 1606 1031 1670 hacc
1054 1605 1133 1669 foret
1155 1605 1295 1669 confusio
1317 1604 1515 1690 interpositae

508 1724 670 1789 memoriae
692 1724 761 1787 festi
784 1724 924 1801 durius,
949 1722 1032 1807 qnod
1055 1724 1157 1809 ipsum
1176 1723 1273 1788 Poeta
1291 1745 1353 1788 non
1370 1732 1515 1787 memoret

508 1841 561 1905 sed
576 1842 819 1927 conjectantibus
835 1842 1059 1926 assequendum
1073 1842 1247 1927 relinquat?
1262 1842 1399 1907 Omnino
1410 1842 1449 1906 ad
1460 1842 1516 1906 lea·

507 1972 573 2025 tum
597 1960 774 2047 Olympium
799 1963 899 2027 venire
922 1961 1072 2027 Hercules
1095 1963 1232 2026 oratione
1251 1962 1372 2048 poetica
1384 1961 1513 2038 dicitur,

507 2102 603 2165 quum
626 2081 789 2165 singularis
812 2102 885 2145 cura
908 2080 1111 2165 significetur,
1136 2101 1226 2164 quam
1248 2082 1320 2166 ejus
1328 2081 1399 2145 festi
1412 2091 1512 2166 gerat:

506 2208 536 2263 ct
559 2220 614 2263 cur
636 2220 706 2264 cum
728 2198 910 2283 Tyndaridis
933 2199 1053 2277 veniat,
1076 2221 1169 2263 causa
1190 2199 1347 2284 adjicitur,
1369 2206 1431 2270 τοῖς
1453 2201 1513 2279 γὰρ

505 2319 662 2399 talepore.
687 2316 770 2383 Oura
793 2318 858 2383 ludi
881 2317 1017 2403 Olympii
1040 2317 1079 2383 ab
1102 2320 1168 2403 ipso
1191 2318 1292 2383 ornati
1314 2327 1346 2383 et
1362 2319 1511 2397 instituti,

504 2450 609 2522 postea
638 2437 820 2522 Tyndaridis
850 2438 981 2515 tradita,
1013 2460 1107 2503 cansa
1136 2440 1213 2516 init,
1244 2460 1308 2523 qua
1336 2437 1511 2523 Olympiam

504 2578 574 2619 cum
597 2554 660 2620 illis
682 2558 816 2634 veniret,
847 2579 908 2622 non
933 2580 995 2641 qua
1017 2557 1054 2621 ad
1079 2557 1163 2621 aliud
1186 2580 1205 2621 a
1226 2556 1398 2622 scholiastis
1420 2558 1512 2621 inter·

503 2683 618 2741 sertum
641 2676 751 2743 lentum
775 2678 900 2741 veniret.

548 2797 600 2859 66.
635 2795 708 2874 περὶ.
745 2794 897 2860 Oonstrue
919 2797 1023 2871 ἀγῶνα
1045 2796 1108 2876 περὶ
1131 2797 1239 2876 ἀρετᾶς
1260 2794 1366 2876 ὶνὶρῶν
1383 2820 1412 2861 κ.
1429 2819 1459 2860 τ.
1476 2809 1506 2861 λ.

549 2915 600 2978 to.
634 2914 771 2981 διδόντων.
807 2913 978 2978 Praemium
1007 2913 1130 2998 pictatis
1157 2913 1293 2978 tribuere
1314 2912 1507 2997 Tyndaridae

501 3031 632 3097 'Pheroni
668 3034 841 3111 matonam,
877 3034 938 3119 ipsi
971 3033 1146 3097 certaminis
1179 3031 1342 3117 praesidas.
1395 3032 1506 3117 Pelops

499 3153 624 3219 condem
649 3154 831 3239 praeclaram
852 3152 1021 3218 mercedem
1040 3153 1151 3217 amoris
1170 3175 1189 3217 a
1206 3150 1355 3237 Neptuno
1374 3153 1504 3237 accepit,

499 3270 550 3337 Ol
575 3272 591 3335 Ι
617 3275 689 3337 169.

545 3394 596 3455 72.
626 3390 751 3467 ξεινίαις.
785 3390 876 3476 Apud
902 3389 1008 3474 llurip.
1032 3389 1141 3453 Helen.
1167 3391 1267 3468 1666,
1290 3410 1382 3475 quem
1401 3389 1503 3454 locum

498 3508 537 3573 ad
571 3532 603 3573 vs
635 3511 654 3572 2
690 3508 867 3587 attfflimus,
898 3509 958 3594 ipsi
989 3508 1132 3574 Dioscuri
1162 3530 1219 3572 sua
1240 3530 1325 3575 sacra
1347 3507 1502 3593 appellant

496 3626 593 3704 ξένια,
621 3650 682 3692 non
705 3636 806 3693 tamen
830 3636 866 3693 ut
888 3628 1098 3713 significentur
1119 3650 1241 3691 mensae
1264 3625 1376 3712 quibus
1398 3626 1502 3712 hospi·

497 3760 543 3815 tes
574 3750 799 3835 exciperentur,
831 3748 883 3813 sed
911 3748 1091 3835 simpliciter
1112 3770 1197 3813 sacre
1218 3747 1277 3812 sibi
1299 3756 1337 3811 ut
1357 3747 1427 3812 Diis
1449 3747 1503 3812 do·

497 3880 581 3934 nata:
607 3869 689 3955 quod
713 3870 856 3934 convenit
879 3870 1025 3954 antiquae
1048 3867 1194 3932 desectis
1208 3867 1391 3943 sententiae,
1411 3890 1502 3953 quam

496 3996 526 4051 et
557 3987 630 4052 alibi
662 4010 750 4074 saepe
783 4010 955 4073 expressam
984 3986 1255 4072 deprehendimus,
1282 3996 1313 4050 et
1335 3984 1416 4070 apud
1440 3984 1503 4050 Ho

496 4129 628 4184 merum,
652 4105 712 4171 Od.
737 4106 773 4171 E.
800 4109 879 4185 100,
903 4105 957 4172 ubi
980 4105 1169 4183 Mercurius,
1193 4128 1211 4169 a
1231 4103 1307 4168 Jove
1329 4104 1442 4169 missus·
1462 4104 1500 4169 ad

495 4224 644 4312 Calypso,
680 4226 757 4289 viam
795 4224 1013 4311 inhospitalem
1048 4225 1187 4308 queritur
1220 4236 1250 4287 ct
1284 4223 1500 4310 longinquam,

495 4344 589 4409 nulla
612 4343 770 4408 hominum
795 4334 984 4409 hecatombis
1008 4344 1215 4427 conspicuam.
1254 4343 1398 4428 Appellat
1419 4344 1499 4409 idem

495 4461 589 4526 Poeta
619 4484 703 4526 sacra
735 4460 870 4526 Deorum
900 4462 1006 4543 δαῖτα,
1039 4460 1077 4524 h
1110 4459 1127 4522 1
1157 4461 1238 4536 424,
1270 4468 1300 4522 et
1330 4454 1497 4538 Pindarus,
