3725 5542
803 705 865 766 557

324 901 508 987 Delphinis,
533 902 706 987 eademque
729 902 761 965 iu
788 901 914 965 scholiis
939 900 975 965 ad
1002 900 1054 985 Py.
1072 900 1154 965 VIII
1173 903 1233 979 81,
1252 902 1344 987 Apol-

188 1027 190 1035 '
324 1018 379 1084 lini
403 1042 505 1097 sacra,
530 1019 623 1083 etad
647 1018 738 1083 Nem.
764 1017 792 1079 V
817 1021 877 1095 81,
903 1024 934 1082 51
957 1019 991 1082 15
1015 1018 1063 1082 his
1087 1017 1211 1102 quidem
1236 1020 1340 1085 eadem

324 1137 417 1202 fuisse
447 1138 595 1201 dicuntur
625 1147 720 1221 atque
743 1136 970 1221 Hydrophoria.
1021 1136 1057 1201 In
1083 1137 1200 1201 scholio
1224 1138 1262 1201 ad
1287 1138 1341 1223 Py.

324 1254 403 1319 VIII
441 1258 503 1320 114
534 1257 626 1320 eliam
656 1254 786 1319 Heraea.
833 1254 902 1319 Hoc
935 1254 1061 1338 quidem
1093 1254 1161 1317 loco
1173 1303 1183 1333 ‚
1216 1262 1340 1341 propter

325 1371 443 1435 insulae
463 1372 640 1457 epitheton,
663 1374 781 1436 1155555
796 1372 963 1456 significari
976 1370 1059 1435 haud
1073 1370 1273 1457 improbabile
1285 1380 1341 1436 est.

370 1491 444 1555 157.
480 1489 625 1561 ’Eureeis
671 1489 829 1553 Demetria
851 1489 900 1553 551
923 1488 1084 1553 Eleusinia
1109 1489 1302 1574 appellantur
1325 1513 1342 1553 5

325 1605 499 1669 scholiasta.
535 1604 624 1669 0551.
650 1604 700 1669 Ol.
725 1605 772 1669 IX
799 1608 873 1669 150.

372 1725 445 1788 157.
480 1724 634 1805 Μαραθών.
678 1722 1136 1805 cf.sd01.v11151,1x
1164 1729 1237 1789 134.

371 1842 445 1904 158.
480 1840 531 1906 ὑπ’
553 1840 674 1915 Αἴτνας.
712 1840 835 1907 Nomen
859 1842 945 1907 urbis
969 1843 1001 1907 in
1026 1864 1088 1906 uno
1108 1850 1208 1907 vetere
1225 1842 1341 1907 scholio

324 1957 487 2041 significari
515 1958 665 2037 creditur,
694 1960 799 2043 ibique
821 1959 899 2023 15515
923 1950 1041 2023 Ν55155
1065 1959 1160 2023 151555
1183 1958 1339 2024 dicuntur.

324 2072 439 2139 Verum
470 2083 517 2139 est
539 2077 701 2141 manifesto
723 2099 837 2142 nomen
859 2076 983 2141 montis.
1030 2076 1146 2142 Tamen
1169 2099 1264 2163 quum
1281 2100 1341 2143 me-

325 2198 484 2255 morentur
506 2192 622 2271 πόλιες,
647 2194 751 2278 potuit
774 2194 807 2258 in
829 2194 867 2257 iis
891 2194 983 2258 etiam
1007 2193 1111 2258 haberi
1129 2196 1245 2273 Aetna,
1263 2218 1342 2282 quae

324 2308 423 2373 155551
445 2318 516 2374 5515
538 2316 601 2374 tres
624 2309 825 2397 Olympiadas
848 2311 989 2375 condite:
1013 2310 1084 2375 vide
1108 2312 1146 2375 ad
1169 2311 1220 2377 01.
1238 2312 1254 2375 I
1271 2336 1341 2399 pag.

325 2428 400 2491 957.
435 2426 596 2492 Ρ55515555
628 2450 699 2493 5555
729 2435 938 2493 memorantur
969 2430 1000 2494 in
1034 2429 1160 2494 scholiis
1192 2428 1340 2509 Isthmia,

324 2542 482 2628 Syracusis
520 2552 587 2609 5515
625 2551 750 2631 propter
789 2544 931 2611 Corinthi
966 2549 1201 2633 cognationem,
1237 2548 1342 2634 ibique

324 2658 499 2746 Xenophon
522 2662 630 2726 vicisse
653 2662 777 2727 dicitur.

370 2781 444 2844 159.
479 2780 602 2858 Εὔβοια.
643 2780 856 2845 Memorantur
895 2803 912 2845 a
954 2782 1127 2847 scholiastis
1167 2782 1342 2863 Geraestia,

324 2896 463 2962 Geraesti
495 2905 562 2962 acta
595 2906 626 2964 et
658 2920 743 2963 sacra
774 2896 942 2984 Neptuno,
976 2906 1008 2963 51
1031 2902 1251 2985 Amarynthia,
1276 2908 1344 2967 5515

324 3015 519 3099 Amarynthi.

371 3135 443 3198 169.
477 3133 603 3211 μάσσον’
626 3133 643 3209 ἢ
666 3136 703 3206 ὥς
726 3134 832 3213 ἰδέμεν.
880 3132 1115 3199 Ρ555555555551
1139 3134 1231 3199 verba
1251 3136 1340 3217 εὑρεῖν

323 3259 354 3315 51
373 3254 502 3333 15555555
523 3252 642 3316 estsere
654 3273 689 3315 55
701 3251 727 3315 51
739 3251 835 3317 Poeta
847 3251 985 3335 undique
998 3250 1140 3317 collectas
1152 3251 1259 3317 laudes
1272 3252 1338 3317 Oli-

322 3368 537 3454 gaethidarum
560 3375 591 3432 et
613 3368 653 3432 ob
676 3368 781 3433 oculos
805 3369 921 3453 positas
946 3369 1071 3433 nunciet
1087 3376 1211 3455 propter
1233 3392 1340 3435 nume·

321 3507 391 3549 rum
415 3486 572 3570 ingentem
593 3507 657 3550 non
679 3507 768 3571 posse
791 3484 1008 3570 comprehendi
1024 3485 1101 3549 5155.
1127 3484 1215 3550 0551.
1234 3508 1266 3549 55
1284 3487 1336 3550 65.

370 3603 443 3666 loa.
484 3608 542 3667 Ζεῦ
577 3602 681 3669 τέλειε.
717 3602 755 3667 15
791 3602 877 3667 libris
905 3603 1033 3668 fortasse
1066 3604 1157 3667 etiam
1191 3604 1339 3689 scriptum

321 3718 416 3783 fuisse
447 3720 563 3785 rrarlcv
586 3742 733 3806 apparere
756 3720 878 3786 51515155
902 3744 919 3785 5
942 3728 1042 3785 551555
1065 3720 1182 3786 scholio
1205 3737 1338 3787 τελεστι-

320 3837 455 3911 auram
477 3837 546 3901 551δῶ
570 3839 655 3901 5115
680 3837 767 3902 Urat.
791 3838 821 3901 D
844 3839 963 3903 scaelus
987 3838 1066 3903 51151.
1099 3839 1210 3903 Aesch.
1228 3840 1337 3924 Agum.

321 3954 402 4030 973,
427 3952 468 4017 Η.
494 3955 557 4017 895

500 4076 558 4136 Ζεῦ
582 4077 639 4135 Ζεῦ
662 4072 756 4136 τέλειε
779 4073 835 4145 τὰς
858 4072 936 4149 ἐμὰς
961 4073 1055 4153 εὐχὰς
1077 4074 1166 4139 τέλει.

319 4186 412 4252 Eum.
437 4189 479 4251 98
502 4189 611 4253 τέλειον
635 4185 755 4268 ὕψιστον
778 4189 849 4254 Alc.
885 4187 979 4253 Hunc
1002 4211 1075 4275 ergo
1096 4190 1219 4253 invocat
1234 4187 1337 4255 Poeta.

320 4303 364 4368 111
396 4315 443 4369 est
470 4305 503 4370 in
527 4305 652 4369 scholiis
676 4304 841 4391 explicatio
864 4305 925 4371 1555
949 4307 1146 4392 hujusmodi,
1171 4308 1259 4391 quasi
1283 4330 1338 4393 pro

321 4441 355 4486 55
385 4443 490 4506 preces
521 4421 629 4499 155151,
654 4429 690 4485 51
713 4421 805 4486 detur
827 4421 886 4487 sihi
910 4422 1028 4488 felicem
1051 4423 1195 4489 carminis
1219 4426 1335 4491 exitum
