3725 5542
830 697 895 760 lbb

404 897 446 960 ta
479 893 648 974 άνθδραμον.
684 893 769 959 Solet
797 918 864 961 osse
886 896 949 962 fare
971 896 1210 962 intransitivum.
1256 898 1371 966 Tamen

357 1020 478 1098 praeta
499 1012 584 1078 hunc
606 1011 710 1078 looum
732 1013 825 1080 etiam
847 1012 941 1079 habat
964 1015 1173 1080 accusativum
1189 1015 1258 1080 loco
1274 1014 1370 1080 Simo·
1459 1011 1463 1020 ’

354 1131 453 1208 nidis,
481 1136 599 1197 servato
623 1152 641 1195 a
664 1128 836 1195 Scholiasta
858 1131 897 1195 ad
920 1130 1029 1217 Eurip.
1054 1131 1170 1198 Phocn.
1197 1135 1259 1198 515
1284 1158 1371 1200 κατε·

356 1249 475 1326 νάοθιρνι
498 1249 565 1314 aar>
588 1254 639 1314 τοῦ
662 1249 934 1327 ναιανααθάοομαι.
958 1249 1008 1316 καὶ
1029 1249 1188 1326 Σιμωνίδης
1204 1251 1233 1316 ἒν
1249 1251 1370 1328 θάμβος

519 1366 551 1431 sl
570 1371 672 1432 sacra
694 1371 750 1431 τῶν
773 1373 889 1446 μακρῶν
911 1365 1009 1443 λάχον
1031 1367 1206 1446 άνέθραμονς

400 1481 466 1550 aas>
489 1487 541 1552 τοῦ
562 1483 741 1563 ἀναδραμεῖν
763 1482 876 1561 μέλλω.
912 1481 1017 1563 Quam
1040 1482 1166 1566 quidem
1188 1483 1370 1550 scholiastae

355 1599 589 1685 explicationem
613 1621 695 1666 nuuc
710 1621 774 1664 nou
789 1621 904 1666 moror:
922 1600 1097 1686 exemplum
1113 1601 1214 1685 ipsum
1230 1601 1369 1670 attulisse

355 1716 478 1784 sufficit.
514 1717 713 1784 Memorabile
737 1726 841 1782 tamen
863 1725 927 1792 ast,
949 1717 988 1782 ad
1004 1717 1088 1784 huuc
1104 1740 1228 1804 quoque
1243 1719 1370 1786 Pindari

354 1835 457 1903 locum
479 1858 497 1899 a
518 1834 683 1902 scholiasta
713 1841 814 1900 vetere
842 1836 998 1913 mactari,
1022 1836 1193 1902 secundum
1216 1837 1366 1922 quosdam

353 1952 511 2030 άνέδραμοο
533 1951 705 2036 significare
726 1951 961 2030 άναθραμοῦμαι.

401 2071 453 2134 74.
488 2068 601 2150 Nauia.
637 2067 896 2153 conjungendum
919 2077 966 2133 est
989 2089 1060 2134 cum
1082 2071 1179 2150 χάριν.
1199 2069 1293 2136 decus
1308 2070 1370 2136 Ne·

353 2167 439 2251 meae
469 2195 591 2270 partum
614 2185 662 2249 vel
685 2186 788 2270 potius
811 2186 1032 2266 domesticum,
1053 2187 1145 2252 decus
1161 2186 1368 2254 Nemeaeum:

354 2301 494 2371 similiter
528 2305 589 2367 109
622 2302 730 2380 κάομον
760 2303 929 2386 Ὀλυμπίᾳ.
976 2301 1023 2367 cf.
1049 2326 1128 2387 quae
1152 2305 1365 2370 annotavimus

354 2419 393 2485 ad
417 2419 467 2485 01.
492 2419 509 2484 Ι
534 2423 596 2484 161
620 2421 655 2485 τὸ
676 2420 759 2504 κλθρς
781 2424 839 2485 τάν
862 2419 1075 2497 Ὀλυμπιάδων
1097 2423 1126 2485 ἒν
1149 2421 1270 2500 δρόμοις.

400 2539 453 2603 76.
487 2538 606 2618 μάχαν.
642 2535 838 2602 Vocabulum
872 2537 931 2602 hoc
965 2537 999 2600 in
1028 2537 1193 2603 certamine
1224 2540 1366 2626 gymnico

353 2655 427 2739 poni
449 2654 575 2738 quidam
599 2661 722 2740 negant
760 2654 803 2720 Et
824 2661 905 2720 carte
928 2653 979 2719 Ol.
1004 2654 1039 2718 Π
1064 2656 1105 2720 78
1130 2655 1288 2722 distinctio
1305 2668 1365 2737 est,

352 2772 420 2842 νέοις
443 2772 473 2837 ἐν
494 2773 606 2846 άάθλοις
628 2773 659 2837 ἐν
680 2772 801 2851 μάχαις
822 2795 857 2836 τε
880 2771 1028 2846 πολέμιοι
1052 2771 1195 2838 similiter
1217 2772 1262 2858 Py
1281 2773 1364 2838 VIII

353 2892 395 2954 86
419 2879 581 2971 νιιιαΦθροις
604 2891 634 2958 θν
655 2889 767 2962 άέθλοις
789 2889 840 2954 καὶ
863 2890 941 2962 θοαῖς
964 2889 994 2954 ἒν
1017 2889 1147 2971 μάχαις.
1183 2890 1226 2954 Et
1240 2891 1367 2976 reliquis

351 3125 393 3190 ais
424 3124 584 3201 Aeacidis,
615 3125 670 3209 qui
692 3123 751 3188 hoo
774 3145 898 3207 quoque
918 3125 1051 3189 carmine
1078 3124 1286 3202 celebrantur,
1314 3129 1366 3192 σὺν

350 3240 472 3321 μάχαις
495 3241 537 3314 δὶς
560 3242 644 3306 πάλιν
665 3240 770 3320 Τρώων
792 3240 916 3320 πράθον,
940 3240 997 3306 Ist.
1022 3240 1050 3301 V
1075 3244 1128 3305 45.
1164 3241 1278 3309 'lamen
1294 3243 1366 3308 Dia·

350 3381 474 3444 goraru,
506 3358 650 3445 pugilatu
678 3359 900 3437 clarissimum,
925 3358 1092 3444 appellavit
1114 3360 1289 3440 εὐθυμάχαν
1312 3386 1365 3426 νιε-

349 3478 446 3556 λάριον
475 3476 576 3558 άνδρα.
623 3477 666 3542 Iit
696 3476 850 3558 μάχεσθαι
873 3475 912 3542 dc
936 3477 1004 3563 ipso
1028 3477 1190 3562 pugilatu,
1215 3479 1270 3561 qui
1292 3500 1364 3544 sana

350 3618 368 3662 e
397 3596 548 3681 gymnicis
581 3593 800 3660 certaminibus
832 3593 871 3657 ad
904 3592 1055 3678 proelium
1087 3593 1205 3660 accedit
1228 3595 1364 3679 proximo

350 3710 569 3788 similitudine,
593 3719 640 3775 est
663 3709 746 3795 apud
770 3709 959 3788 Homerum,
983 3708 1022 3774 Il.
1047 3707 1162 3774 XXIII
1187 3713 1249 3775 621
1353 3767 1354 3770 ,

429 3866 431 3869 -
505 3830 537 3894 οὐ
559 3829 620 3907 γάρ
642 3825 705 3904 πύξ
725 3851 765 3904 με
786 3828 944 3908 μαχήσεαι
967 3827 1029 3894 otu
1052 3828 1221 3902 παλαίσεις.

349 3945 391 4008 llt
413 3945 495 4030 apud
520 3943 709 4022 Hesiodum,
733 3943 782 4010 Sc.
807 3943 901 4011 Herc.
927 3947 992 4009 302

551 4063 576 4128 ol
602 4063 627 4128 δ’
650 4064 800 4144 ἐμάχοντο
823 4061 885 4138 πάξ
906 4087 940 4130 τε
963 4063 1012 4127 καὶ
1036 4062 1162 4138 ἑλκηδόν.

352 4181 454 4266 Igitur
475 4181 572 4261 μάχα
594 4180 719 4267 quidem
742 4182 781 4246 de
804 4182 969 4246 certamine
985 4181 1152 4266 pancratii,
1170 4180 1361 4263 quodetiam

352 4298 525 4384 pugilatum
556 4298 750 4377 continebat,
781 4297 843 4364 dici
873 4319 963 4383 posse
994 4298 1130 4375 videtur,
1156 4318 1212 4362 neo
1234 4296 1362 4375 dubito,

352 4417 428 4500 quin
451 4417 496 4480 ita
518 4416 667 4484 hocloco
690 4415 808 4486 dictum
830 4417 880 4484 sit.
912 4414 1045 4495 Verum,
1069 4415 1096 4479 si
1111 4421 1264 4480 certamen
1279 4436 1363 4498 gym-
