3725 5542
992 705 1057 764 416

513 904 631 969 laretur
659 905 710 968 hie
731 927 750 968 a
773 903 916 968 Pindaro.
963 901 1091 980 Strabo,
1114 900 1152 965 L.
1178 901 1256 965 xlv
1279 924 1309 986 p.
1335 905 1397 965 651
1423 923 1535 966 memo-

514 1030 563 1086 rat
595 1022 649 1094 τὴν
681 1021 792 1086 Ῥοδίων
825 1021 966 1098 περαίαν,
996 1021 1084 1104 eujus
1115 1018 1239 1083 initium
1269 1019 1362 1082 inerit
1394 1019 1425 1082 iu
1458 1018 1534 1082 urbe

515 1138 676 1216 Daedalis,
708 1139 779 1202 finis
807 1139 841 1202 in
871 1145 976 1202 monte
1008 1135 1180 1214 Phoenice,
1210 1137 1340 1200 oirouitn
1364 1135 1533 1200 stadiorum

515 1257 599 1321 mille
630 1267 662 1320 et
690 1258 942 1342 quingentorum.
990 1254 1079 1320 Hane
1102 1255 1246 1320 Peraeam
1269 1256 1327 1318 hoe
1350 1255 1419 1320 loeo
1441 1256 1533 1340 signi

513 1376 596 1438 ficari
612 1374 789 1438 Boeekhine
805 1373 982 1438 arbitratur.
1007 1372 1101 1436 Haud
1117 1371 1320 1437 incommode.
1338 1371 1456 1436 Verum
1467 1374 1534 1436 nni·

516 1511 602 1554 verae
624 1491 709 1554 illam
730 1492 885 1575 regionem
909 1489 1082 1554 inferiorem
1096 1491 1188 1554 Asiae
1200 1490 1365 1574 significari
1377 1489 1532 1566 existimo,

512 1630 592 1692 quae
614 1607 736 1672 Cariam
759 1615 792 1671 et
812 1606 926 1692 Lyciae
948 1615 1066 1692 partem
1090 1607 1276 1672 continebat.

556 1729 671 1808 αἰχμᾷ.
703 1723 778 1789 Non
794 1724 916 1789 hostilia
932 1725 1050 1788 invasio
1065 1724 1274 1808 signifieatur,
1293 1723 1346 1788 sed
1363 1723 1532 1818 multitudo

512 1843 664 1919 virorum,
688 1843 743 1925 qni
764 1864 835 1906 eum
850 1841 1028 1926 Tlepolemo
1043 1841 1191 1926 Tirynthe
1207 1842 1322 1926 Argiva
1337 1843 1370 1906 in
1386 1840 1529 1905 Rhodum

511 1969 673 2024 venerant:
706 1967 892 2023 memoratur
921 1982 957 2022 aa
988 1961 1029 2022 59
1062 1980 1123 2023 non
1154 1959 1220 2030 ναὸς
1251 1958 1304 2021 sed
1335 1965 1408 2023 arcto
1431 1961 1529 2029 πλόος.

510 2075 652 2140 Fortasse
675 2076 726 2140 hio
747 2077 780 2140 in
803 2098 942 2140 aermone
965 2075 1083 2140 Graeco
1106 2098 1181 2139 usna
1197 2077 1327 2153 mansit,
1343 2085 1380 2140 ut
1396 2075 1530 2160 populna

510 2195 603 2256 etiam
632 2193 758 2268 στρατός
790 2192 1012 2278 appellaretur,
1041 2192 1125 2256 volnt
1148 2191 1198 2256 Ol.
1224 2191 1252 2252 V
1276 2195 1337 2268 28,
1361 2193 1435 2276 quia
1456 2193 1528 2256 olim

513 2310 622 2374 Graeci
652 2310 737 2374 soliti
764 2310 879 2374 inerint
901 2333 985 2374 arma
1007 2310 1103 2374 ferre:
1128 2315 1215 2375 arira
1238 2313 1255 2385 ἡ
1277 2311 1391 2381 ‘amaa
1413 2310 1530 2390 ἐσιδηρτν

509 2429 610 2510 φόρει,
632 2428 683 2491 καὶ
706 2426 809 2504 ξυνήθη
831 2429 885 2501 τὴν
906 2428 1021 2492 δίαιταν
1040 2427 1106 2504 μεθ’
1124 2426 1221 2492 ὅπλων
1232 2427 1527 2502 ἐποιήσαντο,’1“ὴυο.

511 2543 529 2607 Ι
554 2546 584 2608 6.
631 2542 721 2608 Certe
750 2543 922 2628 Tlepolemi
953 2545 1079 2608 comites
1110 2544 1240 2608 inermes
1272 2544 1366 2608 fuisse
1388 2565 1452 2608 non
1474 2565 1529 2628 pn·

509 2661 597 2725 tandi
627 2670 710 2725 aunt.
757 2659 901 2726 Ceterum
933 2659 973 2724 de
996 2669 1183 2725 armatorum
1205 2661 1406 2726 multitudiue
1429 2660 1527 2724 simile

508 2789 555 2842 eat
584 2777 668 2863 apud
691 2777 948 2863 Xenophontem,
972 2778 1073 2843 dnab.
1097 2777 1134 2842 L.
1158 2777 1234 2842 10.
1258 2777 1323 2841 VII
1352 2781 1389 2841 10
1414 2778 1527 2856 eam

508 2903 565 2962 τῶν
586 2899 734 2972 Ἑλλήνων
755 2897 848 2969 ἀσπὶς
872 2897 963 2976 μυρία
985 2897 1036 2962 καὶ
1059 2898 1243 2978 τετρακοσία.

554 3018 607 3078 dd.
642 3021 742 3079 τοῖσιν.
778 3013 917 3078 Relative
948 3014 1085 3098 positum
1113 3022 1169 3078 eat.
1217 3013 1348 3078 Dativua
1372 3012 1486 3097 pendet
1509 3011 1543 3075 a⁸

509 3131 670 3214 teodorae,
703 3132 737 3195 in
765 3130 913 3194 honorem
937 3152 1043 3210 eorum
1067 3131 1195 3215 erigam:
1219 3131 1381 3207 ἆγγέλλων
1405 3130 1525 3214 copiose

510 3247 654 3326 additor,
687 3247 784 3311 famae
815 3247 990 3332 significans
1022 3248 1283 3332 propagationem.
1329 3245 1419 3310 Cous.
1447 3249 1523 3310 vs2

509 3365 590 3429 ἑλών.

556 3484 610 3547 36.
644 3480 800 3562 ἔξὶρχῖις
822 3481 883 3546 ἀπὸ
904 3481 1117 3560 Τλαπολέμου.
1152 3481 1363 3567 Tlepolemum
1383 3481 1476 3545 etiam
1492 3503 1525 3544 vs

511 3597 552 3658 53
576 3595 713 3681 appellat
734 3596 873 3660 ooloniae
894 3597 928 3660 in
951 3595 1062 3661 Rhodo
1085 3597 1294 3674 condit-orem,
1317 3596 1409 3662 aaa
1424 3596 1524 3676 xtende

508 3714 673 3796 οἰκιστῆρα,
702 3735 807 3777 verum
826 3713 890 3798 jam
913 3713 973 3778 hoe
997 3714 1065 3778 looo
1088 3715 1189 3798 gentis
1212 3715 1335 3778 initium
1359 3714 1398 3778 ab
1421 3737 1457 3779 eo
1480 3737 1524 3778 re·

510 3830 604 3914 petit,
637 3839 668 3894 et
698 3828 805 3895 laudat
834 3853 1028 3896 communem
1060 3831 1211 3916 Diagorae
1241 3855 1276 3896 ae
1300 3832 1470 3916 Demageto
1493 3841 1524 3895 et

510 3947 634 4031 Argivis
663 3946 809 4012 Rhodum
838 3948 1045 4014 inoolentibna
1072 3949 1200 4012 famam:
1226 3970 1262 4014 eo
1285 3950 1366 4014 euim
1390 3949 1522 4034 pertinet

508 4063 694 4150 adjectivum
725 4064 822 4141 ξυνόνε
852 4065 940 4131 addit
968 4065 1031 4128 illis
1062 4067 1153 4130 etiam
1185 4066 1343 4150 epitheton
1365 4067 1521 4144 Ἡρακλέος

507 4182 605 4266 γέννᾳ.
641 4182 738 4246 Porro
765 4191 868 4246 autem
891 4184 925 4246 in
948 4182 1007 4246 hoe
1030 4183 1163 4248 carmine
1187 4184 1384 4248 vetustiorem
1407 4180 1521 4245 Rhodi-

507 4320 595 4363 orum
619 4299 837 4384 antiquitatem
852 4301 1063 4384 persequitur,
1081 4308 1113 4364 et
1127 4301 1260 4385 origines
1276 4323 1294 4364 a
1309 4324 1322 4346 ··
1331 4299 1379 4363 ole
1394 4301 1520 4384 ejusque

507 4413 580 4478 filiis
604 4437 639 4480 ae
660 4415 825 4501 nepotibus
848 4417 969 4501 repetit.
1001 4415 1083 4502 Ergo
1106 4439 1202 4502 quum
1225 4416 1438 4502 Tlepolemum
1452 4424 1519 4480 tum
