3725 5542
963 687 1027 747 250

486 887 571 949 ‚Iovis
606 896 728 949 vetusta
760 886 924 971 recipiunt.
977 886 1029 949 Me
1063 908 1135 949 vero
1168 893 1284 949 rectum
1321 886 1502 969 sagittarum

482 1006 647 1089 jacientem
671 1004 825 1069 turbinem
849 1028 910 1068 non
936 1004 1022 1068 decet
1045 1012 1166 1089 praeter
1188 1004 1381 1088 propositum
1403 1004 1504 1068 multa

490 1123 550 1187 tela
581 1123 712 1208 dirigere
744 1124 896 1189 manibus.
945 1123 1044 1187 Musis
1075 1124 1157 1187 enim
1189 1123 1302 1187 divinis
1329 1130 1361 1186 et
1383 1122 1502 1207 Oligae

488 1240 584 1305 thidis
617 1241 685 1305 veui
717 1241 822 1305 volens
852 1241 976 1327 adjutor
1007 1242 1119 1306 Isthmi
1149 1249 1181 1305 et
1203 1240 1347 1305 Nemeae.
1394 1240 1505 1304 Paucis

393 1364 453 1424 140
490 1361 589 1425 verbis
614 1361 706 1446 plana
729 1361 837 1426 faciam
854 1370 984 1439 cuncta,
1011 1384 1175 1447 uerumque
1191 1362 1267 1426 mibi
1284 1356 1506 1448 jusjurandum

489 1478 604 1542 aderit:
638 1501 708 1543 nam
739 1480 875 1566 sexagies
910 1503 948 1545 ex
979 1480 1128 1545 ambobus
1157 1480 1319 1545 dulcisona
1342 1502 1401 1543 vox
1423 1501 1508 1565 prae-

490 1598 575 1661 couis
607 1597 679 1661 boni
708 1598 827 1682 (audita
850 1603 917 1682 est).
966 1598 1112 1685 Olympia
1133 1599 1258 1662 illorum
1285 1621 1378 1683 opera
1405 1597 1507 1661 viden·

491 1724 543 1779 tur
571 1718 633 1803 jam
667 1718 753 1802 prius
784 1717 868 1781 dicta
899 1740 983 1783 esse:
1014 1719 1120 1782 futura
1153 1728 1219 1783 tum
1251 1717 1356 1781 dixero
1387 1716 1505 1780 lucide:

492 1856 575 1898 nuuc
605 1857 694 1919 spero
725 1834 867 1920 quidem:
900 1836 932 1899 in
964 1835 1022 1900 deo
1051 1858 1124 1900 sane
1151 1843 1199 1899 eat
1229 1836 1340 1900 exitus.
1387 1833 1508 1915 Quodsi

491 1951 589 2015 fatum
624 1953 708 2037 genti
743 1953 888 2040 procedat
919 1955 1107 2040 propitium,
1141 1952 1212 2017 Jovi
1242 1953 1323 2017 illud
1352 1962 1384 2017 et
1414 1952 1508 2016 Marti

395 2072 457 2133 150
495 2070 712 2155 perficiendum
740 2072 905 2136 trademus.
947 2071 1130 2152 Quaerere
1154 2071 1193 2136 ad
1217 2073 1360 2136 verticem
1383 2072 1510 2136 Parnas-

494 2188 574 2251 sinm
608 2190 769 2273 (fecerunt)
803 2200 833 2253 et
869 2192 962 2275 Argi,
998 2199 1029 2255 et
1059 2197 1136 2275 quot
1165 2189 1278 2255 Thebis
1309 2197 1340 2254 et
1370 2197 1448 2274 quot
1477 2190 1510 2253 in

496 2306 685 2387 Arcadibus,
717 2309 878 2374 dominans
911 2309 1076 2374 testabitur
1103 2308 1215 2394 Lycaei
1238 2331 1291 2373 ara
1313 2308 1456 2388 domina,
1480 2317 1512 2372 et

496 2424 639 2504 Pellana,
672 2436 703 2492 et
734 2428 862 2514 Sicyon,
888 2438 919 2493 et
942 2428 1085 2513 Megara,
1115 2428 1381 2512 Aeacidarumque
1404 2449 1512 2491 nemus

497 2566 657 2611 amoenum
683 2556 714 2611 et
736 2548 819 2611 clara
843 2548 1026 2626 Marathon,
1051 2547 1203 2631 urbesque
1226 2546 1284 2611 sub
1309 2551 1409 2611 Aetna
1432 2546 1513 2610 celsa

400 2668 461 2728 loo
496 2665 678 2749 opulentae,
703 2678 734 2731 et
758 2667 897 2732 Euboea:
922 2678 954 2731 et
975 2690 1028 2752 per
1043 2675 1186 2732 cunctam
1201 2666 1362 2729 Graeciam
1376 2666 1513 2729 iuvenies

497 2787 612 2870 majora
634 2806 728 2869 quam
751 2809 829 2871 quae
853 2809 975 2851 cernere
999 2787 1108 2870 possis.
1155 2784 1271 2849 Verum
1295 2793 1331 2848 ut
1355 2784 1415 2847 levi
1437 2782 1514 2868 pede

500 2914 675 2985 enatemus,
699 2907 822 2991 Jupiter
839 2906 1006 2991 perfector,
1023 2904 1234 2991 pudoremque
1249 2904 1331 2968 dona
1346 2912 1377 2966 et
1392 2902 1513 2966 dulcem

498 3032 609 3089 sortem
633 3026 834 3091 suavitatum.

857 3503 1053 3569 OLYMPIA
1077 3502 1165 3567 XIV.
1195 3566 1199 3573 .

814 3761 968 3806 nsoercuo
995 3758 1219 3815 oacuorurmo,

895 3980 990 4044 Puero
1016 3978 1138 4041 cursori.

556 4220 769 4306 Caphisiarum
802 4238 949 4300 aquarum
972 4236 1053 4298 quae
1080 4213 1206 4277 sortitae
1230 4211 1303 4274 estis
1326 4219 1357 4273 et
1380 4208 1525 4274 habitatis

512 4340 613 4405 sedem
638 4338 725 4423 equis
742 4336 910 4423 egregiam,
931 4356 950 4397 o
965 4332 1153 4397 carminibus
1169 4329 1368 4395 celebrandae
1383 4328 1525 4405 Gratiae,

511 4460 632 4545 reginae
648 4456 837 4544 splendentis
853 4452 1058 4530 Orchomeni,
1080 4473 1158 4537 quae
1174 4450 1311 4533 Minyas,
1334 4448 1422 4531 queis
1438 4458 1527 4519 vetus
