3725 5542
841 713 880 775 15

346 910 533 996 Neptunum
564 912 682 976 videret
711 910 905 995 adjuvantem
928 910 962 974 in
986 911 1103 994 proelio
1126 909 1279 988 Achivos,
1309 932 1370 974 me·
1431 928 1436 937 ·

345 1036 451 1093 tuerat
479 1036 583 1093 autem
605 1050 645 1093 nc
668 1027 698 1092 id
723 1028 788 1091 fieri
811 1026 936 1112 Jupiter
958 1034 1092 1105 vetaret,
1117 1028 1172 1112 qui
1194 1028 1227 1092 in
1249 1050 1370 1093 summo

346 1147 464 1209 mentm
494 1145 569 1210 Idae
596 1147 709 1211 vertice
732 1142 903 1209 residebat:
929 1143 1094 1209 consilium
1117 1145 1285 1210 meditatur
1308 1167 1370 1229 quo

344 1262 438 1326 illum
469 1262 624 1347 deciperet
654 1270 685 1327 et
717 1284 820 1325 amore
852 1283 909 1325 suo
941 1262 1089 1346 coituque
1119 1262 1274 1327 fruentem
1300 1284 1370 1327 con·

346 1379 474 1464 sopiret.
520 1377 641 1464 Corpus
675 1400 766 1443 suum
797 1378 889 1461 ungit
920 1378 1014 1442 odore
1040 1377 1211 1456 ambrosio,
1235 1379 1290 1462 qui
1313 1378 1371 1443 fra·

347 1518 442 1580 grans
473 1504 584 1561 terram
608 1495 789 1580 coelumque
812 1496 983 1579 contingit:
1008 1502 1103 1581 caput
1124 1495 1297 1561 immortale
1321 1495 1371 1561 de-

348 1622 437 1679 corat
459 1613 694 1699 splendentibus
717 1615 807 1700 spiris
831 1615 981 1679 crinium:
1007 1622 1121 1679 vestem
1144 1616 1256 1693 sumit,
1273 1615 1371 1700 ipsius

349 1730 508 1795 Minervae
531 1732 637 1797 textile
660 1755 755 1818 opus,
780 1754 888 1797 conam
909 1733 1016 1816 quavis
1042 1732 1143 1817 gratia
1157 1734 1369 1818 praelustrem.

347 1849 431 1915 'Pum
459 1872 531 1914 vero
555 1850 651 1915 altero
675 1851 748 1915 dolo
770 1873 827 1916 usa
849 1851 1001 1915 Venerem
1027 1849 1181 1936 appellat,
1206 1859 1257 1930 et,
1282 1852 1372 1935 quasi

348 1966 466 2031 Oceani
497 1976 528 2031 et
557 1967 703 2053 Tethyis,
735 1969 791 2053 qui
820 1968 917 2053 ipsam
952 1968 1150 2047 educassent,
1183 1968 1370 2033 discordiam

349 2085 573 2169 compositura,
610 2086 688 2170 petit
722 2086 760 2149 ab
795 2108 831 2149 ea
865 2093 896 2150 et
926 2086 1070 2170 impetret
1091 2093 1227 2164 aestum,
1252 2083 1371 2150 blandi·

348 2210 454 2267 menta
477 2203 657 2279 habentem,
682 2201 754 2267 deos
778 2203 981 2285 hominesque
1010 2203 1177 2268 domantia.
1224 2202 1264 2267 In
1289 2204 1373 2267 auxi·

352 2320 431 2383 lium
459 2340 571 2383 vocans
602 2317 768 2397 Somnum,
798 2319 913 2383 frustra
935 2341 1064 2383 aureum
1087 2321 1116 2383 ei
1139 2320 1285 2384 thronum
1303 2341 1371 2405 pro·

354 2437 466 2501 mittit:
496 2445 623 2501 atvero
646 2437 674 2500 ei
698 2430 837 2522 pollicita
859 2436 1040 2501 Gratiarum
1063 2438 1157 2501 unius
1180 2436 1371 2501 connubium

355 2576 426 2619 eum
461 2560 625 2639 permovet.
672 2552 753 2619 Tum
787 2554 873 2619 illam
908 2554 948 2618 ad
982 2577 1015 2619 se
1048 2555 1221 2619 venientem
1250 2553 1374 2640 Jupiter

354 2670 486 2755 adspicit
501 2680 533 2735 et
547 2692 650 2736 amore
666 2678 753 2735 tanto
769 2672 956 2750 involvitur,
974 2678 1092 2756 quanto
1107 2694 1267 2756 nunquam
1283 2680 1374 2737 autea

353 2797 513 2873 correptus
543 2788 661 2852 iuerat:
692 2789 778 2852 illam
811 2790 900 2874 quasi
931 2789 1049 2874 pudore
1077 2789 1280 2855 reluctantem
1313 2814 1374 2856 am·

356 2903 521 2989 plectitur,
558 2904 694 2969 obducta
724 2904 838 2969 nebula
844 2953 854 2983 ,
887 2926 942 2989 per
972 2926 1063 2987 quam
1096 2928 1135 2970 ne
1165 2904 1219 2969 Sol
1249 2907 1374 2991 quidem

355 3030 514 3108 penetret:
547 3022 605 3087 sub
636 3023 698 3087 illis
726 3024 797 3088 diva
819 3024 914 3089 tellus
938 3023 1083 3109 producit
1105 3024 1214 3088 dorida
1236 3026 1376 3109 gramina

354 3138 517 3224 lutumque
547 3148 577 3204 et
608 3162 731 3205 crocum
755 3148 786 3204 et
808 3141 1030 3224 hyacinthum,
1055 3150 1090 3205 ut
1113 3142 1145 3205 in
1169 3141 1271 3207 herbis
1295 3142 1375 3206 dori·

354 3256 476 3341 busque
509 3258 637 3341 repositi
671 3257 771 3341 iisqne
806 3257 898 3323 levati
932 3259 1033 3323 solum
1067 3268 1166 3322 terrae
1197 3280 1260 3323 non
1284 3259 1376 3323 attin·

352 3382 444 3459 gant:
470 3373 561 3439 etde
584 3374 720 3439 obducta
742 3374 857 3439 nebula
879 3396 973 3439 aurea
993 3376 1142 3461 fulgentia
1166 3376 1244 3439 roris
1267 3384 1376 3459 guttae

355 3492 508 3559 defluunt.
527 3494 552 3577 ¹)
598 3493 670 3573 Qua
706 3493 881 3557 narratione
921 3493 999 3576 quid
1038 3494 1218 3574 candidius,
1255 3494 1375 3579 elegan-

355 3612 437 3689 tius,
460 3612 620 3675 venustius
643 3633 709 3675 esse
725 3608 849 3696 potest?
884 3608 926 3673 Et
941 3617 1062 3689 tamen,
1079 3612 1182 3675 nescio
1198 3611 1374 3696 quomodo,

354 3728 522 3813 perlectam
545 3726 699 3811 quandam
723 3728 755 3790 in
778 3726 913 3791 Homero
930 3727 1172 3805 humanitatem,
1189 3728 1222 3790 in
1237 3727 1375 3793 Pindaro

354 3844 550 3909 divinitatem
573 3844 649 3909 mihi
673 3842 778 3907 videor
801 3843 954 3907 admirari.
1002 3842 1097 3923 Quod
1119 3866 1182 3907 nou
1198 3843 1268 3909 dico
1283 3867 1374 3923 saue,

354 3984 419 4047 quo
442 3960 574 4026 alterum
598 3968 719 4047 politam
744 3961 833 4026 alteri
861 3967 1016 4046 praestare
1035 3960 1189 4046 judicem:
1213 3963 1267 4027 sed
1290 3962 1374 4047 apud

355 4077 527 4143 Homerum
559 4079 685 4143 omuino
716 4078 852 4142 Deorum
885 4084 998 4141 natura
1028 4078 1155 4162 propius
1190 4077 1308 4143 accedit
1338 4078 1377 4141 ad

354 4196 515 4261 homines:
549 4195 636 4260 velut
665 4197 699 4260 in
730 4196 787 4260 hac
811 4194 879 4281 ipsa
900 4216 934 4259 re
958 4202 1005 4257 est
1027 4194 1250 4278 δολοφρονέουσα
1272 4194 1378 4259 πότνια

394 4453 419 4515 1)
438 4454 506 4502 rma
531 4454 600 4503 rra.
618 4451 757 4501 cac-ass.
