<?xml version="1.0" encoding="UTF-8"?>
<!DOCTYPE html PUBLIC "-//W3C//DTD XHTML 1.0 Transitional//EN"
    "http://www.w3.org/TR/xhtml1/DTD/xhtml1-transitional.dtd">
<html xmlns="http://www.w3.org/1999/xhtml" xml:lang="en" lang="en">
 <head>
  <title>
</title>
<meta http-equiv="Content-Type" content="text/html;charset=utf-8" />
  <meta name='ocr-system' content='tesseract 3.04.00' />
  <meta name='ocr-capabilities' content='ocr_page ocr_carea ocr_par ocr_line ocrx_word'/>
</head>
<body>
  <div class='ocr_page' id='page_1' title='image "./pindaricarminao01pindgoog_0067.png"; bbox 0 0 3725 5542; ppageno 0'>
   <div class='ocr_carea' id='block_1_1' title="bbox 823 685 862 743">
    <p class='ocr_par' dir='ltr' id='par_1_1' title="bbox 823 685 862 743">
     <span class='ocr_line' id='line_1_1' title="bbox 823 685 862 743; baseline 0.051 -2"><span class='ocrx_word' id='word_1_1' title='bbox 823 685 862 743; x_wconf 80' lang='lat'>55</span> 
     </span>
    </p>
   </div>
   <div class='ocr_carea' id='block_1_2' title="bbox 336 882 1350 1201">
    <p class='ocr_par' dir='ltr' id='par_1_2' title="bbox 336 882 1350 1201">
     <span class='ocr_line' id='line_1_2' title="bbox 339 882 1349 965; baseline 0.003 -23"><span class='ocrx_word' id='word_1_2' title='bbox 339 883 495 947; x_wconf 88' lang='lat' dir='ltr'>rebemens</span> <span class='ocrx_word' id='word_1_3' title='bbox 525 884 556 947; x_wconf 88' lang='lat' dir='ltr'>in</span> <span class='ocrx_word' id='word_1_4' title='bbox 584 882 700 947; x_wconf 84' lang='lat' dir='ltr'>invidia</span> <span class='ocrx_word' id='word_1_5' title='bbox 732 882 890 946; x_wconf 80' lang='lat' dir='ltr'>rebitanda</span> <span class='ocrx_word' id='word_1_6' title='bbox 919 905 1043 960; x_wconf 89' lang='lat' dir='ltr'>eorum,</span> <span class='ocrx_word' id='word_1_7' title='bbox 1072 884 1126 965; x_wconf 90' lang='lat' dir='ltr'>qui</span> <span class='ocrx_word' id='word_1_8' title='bbox 1154 883 1349 947; x_wconf 77' lang='lat' dir='ltr'><strong>detraherent</strong></span> 
     </span>
     <span class='ocr_line' id='line_1_3' title="bbox 337 1000 1349 1084; baseline 0.003 -23"><span class='ocrx_word' id='word_1_9' title='bbox 337 1000 445 1083; x_wconf 79' lang='lat' dir='ltr'>gloriae</span> <span class='ocrx_word' id='word_1_10' title='bbox 476 1008 507 1061; x_wconf 85' lang='lat' dir='ltr'>et</span> <span class='ocrx_word' id='word_1_11' title='bbox 533 1000 695 1064; x_wconf 71' lang='lat' dir='ltr'><strong>obscurare</strong></span> <span class='ocrx_word' id='word_1_12' title='bbox 722 1000 847 1063; x_wconf 84' lang='lat' dir='ltr'>fortium</span> <span class='ocrx_word' id='word_1_13' title='bbox 878 1000 1012 1063; x_wconf 82' lang='lat' dir='ltr'>virorum</span> <span class='ocrx_word' id='word_1_14' title='bbox 1036 1001 1191 1084; x_wconf 89' lang='lat' dir='ltr'>praeclara</span> <span class='ocrx_word' id='word_1_15' title='bbox 1214 1000 1349 1064; x_wconf 83' lang='lat' dir='ltr'>facinora</span> 
     </span>
     <span class='ocr_line' id='line_1_4' title="bbox 336 1116 1350 1201; baseline 0.002 -22"><span class='ocrx_word' id='word_1_16' title='bbox 336 1128 526 1180; x_wconf 79' lang='lat' dir='ltr'>narrarentur.</span> <span class='ocrx_word' id='word_1_17' title='bbox 543 1117 565 1199; x_wconf 86' lang='lat'>¹)</span> <span class='ocrx_word' id='word_1_18' title='bbox 611 1116 721 1200; x_wconf 88' lang='lat' dir='ltr'><strong>Neque</strong></span> <span class='ocrx_word' id='word_1_19' title='bbox 753 1117 833 1181; x_wconf 90' lang='lat' dir='ltr'>enim</span> <span class='ocrx_word' id='word_1_20' title='bbox 864 1118 1009 1201; x_wconf 86' lang='lat' dir='ltr'>injustam</span> <span class='ocrx_word' id='word_1_21' title='bbox 1033 1118 1285 1182; x_wconf 78' lang='lat' dir='ltr'>obtrectationem</span> <span class='ocrx_word' id='word_1_22' title='bbox 1309 1119 1350 1181; x_wconf 71' lang='lat' dir='ltr'>f,-</span> 
     </span>
    </p>
   </div>
   <div class='ocr_carea' id='block_1_3' title="bbox 334 1235 1348 1320">
    <p class='ocr_par' dir='ltr' id='par_1_3' title="bbox 334 1235 1348 1320">
     <span class='ocr_line' id='line_1_5' title="bbox 334 1235 1348 1320; baseline 0.001 -23"><span class='ocrx_word' id='word_1_23' title='bbox 334 1235 456 1298; x_wconf 90' lang='lat' dir='ltr'>rendam</span> <span class='ocrx_word' id='word_1_24' title='bbox 481 1258 547 1298; x_wconf 86' lang='lat' dir='ltr'>esse</span> <span class='ocrx_word' id='word_1_25' title='bbox 571 1236 706 1319; x_wconf 85' lang='lat' dir='ltr'>putavit:</span> <span class='ocrx_word' id='word_1_26' title='bbox 731 1235 861 1318; x_wconf 83' lang='lat' dir='ltr'>ideoque</span> <span class='ocrx_word' id='word_1_27' title='bbox 880 1236 968 1319; x_wconf 84' lang='lat' dir='ltr'>quasi</span> <span class='ocrx_word' id='word_1_28' title='bbox 987 1236 1097 1320; x_wconf 90' lang='lat' dir='ltr'>lupum</span> <span class='ocrx_word' id='word_1_29' title='bbox 1117 1236 1198 1299; x_wconf 79' lang='lat' dir='ltr'>dixit</span> <span class='ocrx_word' id='word_1_30' title='bbox 1218 1236 1348 1302; x_wconf 87' lang='lat' dir='ltr'>inimicis</span> 
     </span>
    </p>
   </div>
   <div class='ocr_carea' id='block_1_4' title="bbox 333 1362 1351 4253">
    <p class='ocr_par' dir='ltr' id='par_1_4' title="bbox 335 1362 666 1437">
     <span class='ocr_line' id='line_1_6' title="bbox 335 1362 666 1437; baseline 0.003 -22"><span class='ocrx_word' id='word_1_31' title='bbox 335 1375 490 1417; x_wconf 87' lang='lat' dir='ltr'>occurrere</span> <span class='ocrx_word' id='word_1_32' title='bbox 519 1362 666 1437; x_wconf 82' lang='lat' dir='ltr'>oportere.</span> 
     </span>
    </p>

    <p class='ocr_par' dir='ltr' id='par_1_5' title="bbox 334 1470 1350 2119">
     <span class='ocr_line' id='line_1_7' title="bbox 374 1470 1347 1553; baseline 0.002 -20"><span class='ocrx_word' id='word_1_33' title='bbox 374 1470 500 1535; x_wconf 81' lang='lat' dir='ltr'>Scilicet</span> <span class='ocrx_word' id='word_1_34' title='bbox 521 1471 596 1553; x_wconf 81' lang='lat' dir='ltr'>ipsis</span> <span class='ocrx_word' id='word_1_35' title='bbox 615 1470 784 1534; x_wconf 88' lang='lat' dir='ltr'>inimicitiis</span> <span class='ocrx_word' id='word_1_36' title='bbox 804 1470 991 1535; x_wconf 80' lang='lat' dir='ltr'>delectatum</span> <span class='ocrx_word' id='word_1_37' title='bbox 1011 1470 1106 1534; x_wconf 85' lang='lat' dir='ltr'>fuisse</span> <span class='ocrx_word' id='word_1_38' title='bbox 1125 1470 1291 1535; x_wconf 78' lang='lat' dir='ltr'>Pindarum</span> <span class='ocrx_word' id='word_1_39' title='bbox 1308 1496 1347 1535; x_wconf 92' lang='lat' dir='ltr'>ne</span> 
     </span>
     <span class='ocr_line' id='line_1_8' title="bbox 336 1586 1350 1671; baseline 0 -20"><span class='ocrx_word' id='word_1_40' title='bbox 336 1588 401 1671; x_wconf 86' lang='lat' dir='ltr'>quis</span> <span class='ocrx_word' id='word_1_41' title='bbox 426 1587 599 1651; x_wconf 82' lang='lat' dir='ltr'>existimet:</span> <span class='ocrx_word' id='word_1_42' title='bbox 623 1586 675 1651; x_wconf 86' lang='lat' dir='ltr'>aed</span> <span class='ocrx_word' id='word_1_43' title='bbox 701 1588 764 1651; x_wconf 83' lang='lat' dir='ltr'>siue</span> <span class='ocrx_word' id='word_1_44' title='bbox 787 1610 889 1663; x_wconf 87' lang='lat' dir='ltr'>ames,</span> <span class='ocrx_word' id='word_1_45' title='bbox 912 1588 974 1649; x_wconf 88' lang='lat' dir='ltr'>sive</span> <span class='ocrx_word' id='word_1_46' title='bbox 998 1587 1140 1651; x_wconf 89' lang='lat' dir='ltr'>inimicas</span> <span class='ocrx_word' id='word_1_47' title='bbox 1163 1589 1220 1665; x_wconf 90' lang='lat' dir='ltr'>sis,</span> <span class='ocrx_word' id='word_1_48' title='bbox 1245 1598 1350 1671; x_wconf 89' lang='lat' dir='ltr'>aperto</span> 
     </span>
     <span class='ocr_line' id='line_1_9' title="bbox 336 1703 1349 1789; baseline 0.004 -22"><span class='ocrx_word' id='word_1_49' title='bbox 336 1714 362 1769; x_wconf 89' lang='lat' dir='ltr'>te</span> <span class='ocrx_word' id='word_1_50' title='bbox 385 1728 451 1769; x_wconf 83' lang='lat' dir='ltr'>esse</span> <span class='ocrx_word' id='word_1_51' title='bbox 471 1704 563 1789; x_wconf 87' lang='lat' dir='ltr'>jubet</span> <span class='ocrx_word' id='word_1_52' title='bbox 586 1705 698 1769; x_wconf 89' lang='lat' dir='ltr'>animo.</span> <span class='ocrx_word' id='word_1_53' title='bbox 738 1703 819 1771; x_wconf 87' lang='lat' dir='ltr'>Nam</span> <span class='ocrx_word' id='word_1_54' title='bbox 844 1713 951 1769; x_wconf 90' lang='lat' dir='ltr'>contra</span> <span class='ocrx_word' id='word_1_55' title='bbox 973 1707 1114 1769; x_wconf 85' lang='lat' dir='ltr'>caritates</span> <span class='ocrx_word' id='word_1_56' title='bbox 1138 1707 1349 1789; x_wconf 79' lang='lat' dir='ltr'>amicitiasque</span> 
     </span>
     <span class='ocr_line' id='line_1_10' title="bbox 335 1821 1350 1909; baseline 0.002 -24"><span class='ocrx_word' id='word_1_57' title='bbox 335 1822 441 1905; x_wconf 90' lang='lat' dir='ltr'>quanti</span> <span class='ocrx_word' id='word_1_58' title='bbox 465 1821 605 1899; x_wconf 85' lang='lat' dir='ltr'>duxerit,</span> <span class='ocrx_word' id='word_1_59' title='bbox 631 1822 763 1887; x_wconf 85' lang='lat' dir='ltr'>vidimus</span> <span class='ocrx_word' id='word_1_60' title='bbox 787 1832 885 1887; x_wconf 89' lang='lat' dir='ltr'>antea.</span> <span class='ocrx_word' id='word_1_61' title='bbox 926 1822 1024 1907; x_wconf 90' lang='lat' dir='ltr'>quue</span> <span class='ocrx_word' id='word_1_62' title='bbox 1049 1823 1139 1887; x_wconf 88' lang='lat' dir='ltr'>etiam</span> <span class='ocrx_word' id='word_1_63' title='bbox 1164 1832 1290 1909; x_wconf 86' lang='lat' dir='ltr'>apparet</span> <span class='ocrx_word' id='word_1_64' title='bbox 1313 1846 1350 1887; x_wconf 86' lang='lat' dir='ltr'>ex</span> 
     </span>
     <span class='ocr_line' id='line_1_11' title="bbox 335 1938 1349 2023; baseline 0.004 -22"><span class='ocrx_word' id='word_1_65' title='bbox 335 1939 504 2023; x_wconf 76' lang='lat' dir='ltr'>praeceptis</span> <span class='ocrx_word' id='word_1_66' title='bbox 539 1939 594 2017; x_wconf 79' lang='lat' dir='ltr'>iia,</span> <span class='ocrx_word' id='word_1_67' title='bbox 626 1938 741 2023; x_wconf 88' lang='lat' dir='ltr'>quibus</span> <span class='ocrx_word' id='word_1_68' title='bbox 773 1939 941 2003; x_wconf 79' lang='lat' dir='ltr'>Arcesilam</span> <span class='ocrx_word' id='word_1_69' title='bbox 973 1939 1177 2023; x_wconf 79' lang='lat' dir='ltr'>Cyrenensem</span> <span class='ocrx_word' id='word_1_70' title='bbox 1208 1940 1349 2005; x_wconf 88' lang='lat' dir='ltr'>adhorta·</span> 
     </span>
     <span class='ocr_line' id='line_1_12' title="bbox 334 2062 464 2119; baseline 0.015 -2"><span class='ocrx_word' id='word_1_71' title='bbox 334 2062 384 2118; x_wconf 89' lang='lat' dir='ltr'>tus</span> <span class='ocrx_word' id='word_1_72' title='bbox 406 2062 464 2119; x_wconf 87' lang='lat' dir='ltr'>est.</span> 
     </span>
    </p>

    <p class='ocr_par' dir='ltr' id='par_1_6' title="bbox 333 2170 1351 4253">
     <span class='ocr_line' id='line_1_13' title="bbox 377 2170 1348 2259; baseline 0.005 -25"><span class='ocrx_word' id='word_1_73' title='bbox 377 2170 499 2235; x_wconf 83' lang='lat' dir='ltr'>Etenim</span> <span class='ocrx_word' id='word_1_74' title='bbox 524 2180 684 2255; x_wconf 81' lang='lat' dir='ltr'>quassatae</span> <span class='ocrx_word' id='word_1_75' title='bbox 708 2174 840 2239; x_wconf 81' lang='lat' dir='ltr'>ciuitatis</span> <span class='ocrx_word' id='word_1_76' title='bbox 861 2195 968 2237; x_wconf 88' lang='lat' dir='ltr'>curam</span> <span class='ocrx_word' id='word_1_77' title='bbox 986 2195 1172 2258; x_wconf 82' lang='lat' dir='ltr'>magnopere</span> <span class='ocrx_word' id='word_1_78' title='bbox 1192 2174 1266 2239; x_wconf 91' lang='lat' dir='ltr'>huic</span> <span class='ocrx_word' id='word_1_79' title='bbox 1283 2177 1348 2259; x_wconf 82' lang='lat' dir='ltr'>regi</span> 
     </span>
     <span class='ocr_line' id='line_1_14' title="bbox 335 2290 1349 2375; baseline 0.005 -23"><span class='ocrx_word' id='word_1_80' title='bbox 335 2290 543 2353; x_wconf 83' lang='lat' dir='ltr'>commendat:</span> <span class='ocrx_word' id='word_1_81' title='bbox 572 2291 720 2368; x_wconf 88' lang='lat' dir='ltr'>„decet,”</span> <span class='ocrx_word' id='word_1_82' title='bbox 744 2292 863 2375; x_wconf 86' lang='lat' dir='ltr'>inquit,</span> <span class='ocrx_word' id='word_1_83' title='bbox 888 2292 1015 2368; x_wconf 90' lang='lat' dir='ltr'>„mitem</span> <span class='ocrx_word' id='word_1_84' title='bbox 1040 2291 1201 2357; x_wconf 86' lang='lat' dir='ltr'>admovere</span> <span class='ocrx_word' id='word_1_85' title='bbox 1224 2315 1349 2360; x_wconf 85' lang='lat' dir='ltr'>manum</span> 
     </span>
     <span class='ocr_line' id='line_1_15' title="bbox 336 2408 1347 2494; baseline 0.002 -21"><span class='ocrx_word' id='word_1_86' title='bbox 336 2408 507 2491; x_wconf 76' lang='lat' dir='ltr'>vulnusque</span> <span class='ocrx_word' id='word_1_87' title='bbox 531 2430 651 2473; x_wconf 89' lang='lat' dir='ltr'>curare:</span> <span class='ocrx_word' id='word_1_88' title='bbox 671 2408 760 2473; x_wconf 83' lang='lat' dir='ltr'>facile</span> <span class='ocrx_word' id='word_1_89' title='bbox 781 2409 861 2473; x_wconf 91' lang='lat' dir='ltr'>enim</span> <span class='ocrx_word' id='word_1_90' title='bbox 883 2416 928 2472; x_wconf 85' lang='lat' dir='ltr'>est</span> <span class='ocrx_word' id='word_1_91' title='bbox 945 2417 1109 2474; x_wconf 88' lang='lat' dir='ltr'>concutere</span> <span class='ocrx_word' id='word_1_92' title='bbox 1128 2409 1347 2494; x_wconf 84' lang='lat' dir='ltr'>rempublicam</span> 
     </span>
     <span class='ocr_line' id='line_1_16' title="bbox 333 2524 1345 2603; baseline 0.006 -18"><span class='ocrx_word' id='word_1_93' title='bbox 333 2524 379 2589; x_wconf 85' lang='lat' dir='ltr'>sel</span> <span class='ocrx_word' id='word_1_94' title='bbox 402 2524 570 2589; x_wconf 82' lang='lat' dir='ltr'>levioribus</span> <span class='ocrx_word' id='word_1_95' title='bbox 593 2525 785 2603; x_wconf 84' lang='lat' dir='ltr'>hominibus,</span> <span class='ocrx_word' id='word_1_96' title='bbox 811 2526 865 2591; x_wconf 82' lang='lat' dir='ltr'>sed</span> <span class='ocrx_word' id='word_1_97' title='bbox 888 2526 917 2589; x_wconf 92' lang='lat' dir='ltr'>in</span> <span class='ocrx_word' id='word_1_98' title='bbox 941 2526 1008 2590; x_wconf 88' lang='lat' dir='ltr'>loco</span> <span class='ocrx_word' id='word_1_99' title='bbox 1028 2548 1134 2591; x_wconf 83' lang='lat' dir='ltr'>rursus</span> <span class='ocrx_word' id='word_1_100' title='bbox 1155 2550 1222 2591; x_wconf 90' lang='lat' dir='ltr'>eam</span> <span class='ocrx_word' id='word_1_101' title='bbox 1241 2528 1345 2591; x_wconf 88' lang='lat' dir='ltr'>statim</span> 
     </span>
     <span class='ocr_line' id='line_1_17' title="bbox 336 2642 1348 2728; baseline 0.004 -23"><span class='ocrx_word' id='word_1_102' title='bbox 336 2642 522 2707; x_wconf 86' lang='lat' dir='ltr'>constituere</span> <span class='ocrx_word' id='word_1_103' title='bbox 551 2652 597 2706; x_wconf 84' lang='lat' dir='ltr'>est</span> <span class='ocrx_word' id='word_1_104' title='bbox 624 2643 762 2721; x_wconf 86' lang='lat' dir='ltr'>difficile,</span> <span class='ocrx_word' id='word_1_105' title='bbox 790 2643 851 2709; x_wconf 87' lang='lat' dir='ltr'>nisi</span> <span class='ocrx_word' id='word_1_106' title='bbox 871 2643 956 2707; x_wconf 88' lang='lat' dir='ltr'>Deus</span> <span class='ocrx_word' id='word_1_107' title='bbox 980 2644 1021 2707; x_wconf 90' lang='lat' dir='ltr'>sit</span> <span class='ocrx_word' id='word_1_108' title='bbox 1043 2643 1176 2708; x_wconf 89' lang='lat' dir='ltr'>ducibus</span> <span class='ocrx_word' id='word_1_109' title='bbox 1198 2644 1348 2728; x_wconf 79' lang='lat' dir='ltr'>guberna·</span> 
     </span>
     <span class='ocr_line' id='line_1_18' title="bbox 336 2758 1347 2847; baseline 0.001 -24"><span class='ocrx_word' id='word_1_110' title='bbox 336 2766 389 2823; x_wconf 91' lang='lat' dir='ltr'>tor.</span> <span class='ocrx_word' id='word_1_111' title='bbox 427 2758 518 2847; x_wconf 88' lang='lat' dir='ltr'>Ande</span> <span class='ocrx_word' id='word_1_112' title='bbox 542 2781 663 2825; x_wconf 88' lang='lat' dir='ltr'>omnem</span> <span class='ocrx_word' id='word_1_113' title='bbox 687 2762 717 2823; x_wconf 91' lang='lat' dir='ltr'>in</span> <span class='ocrx_word' id='word_1_114' title='bbox 736 2760 884 2845; x_wconf 88' lang='lat' dir='ltr'>opulenta</span> <span class='ocrx_word' id='word_1_115' title='bbox 903 2759 1021 2844; x_wconf 82' lang='lat' dir='ltr'>Cyrene</span> <span class='ocrx_word' id='word_1_116' title='bbox 1041 2783 1153 2845; x_wconf 85' lang='lat' dir='ltr'>ponere</span> <span class='ocrx_word' id='word_1_117' title='bbox 1173 2760 1347 2843; x_wconf 65' lang='lat' dir='ltr'>curam.&#39;&#39;⁹)</span> 
     </span>
     <span class='ocr_line' id='line_1_19' title="bbox 334 2876 1348 2963; baseline -0.001 -22"><span class='ocrx_word' id='word_1_118' title='bbox 334 2876 536 2943; x_wconf 85' lang='lat' dir='ltr'>Commendat</span> <span class='ocrx_word' id='word_1_119' title='bbox 558 2899 648 2962; x_wconf 89' lang='lat' dir='ltr'>porro</span> <span class='ocrx_word' id='word_1_120' title='bbox 672 2877 827 2943; x_wconf 83' lang='lat' dir='ltr'>Arcesilae</span> <span class='ocrx_word' id='word_1_121' title='bbox 847 2877 1086 2963; x_wconf 90' lang='lat' dir='ltr'>Demophilum,</span> <span class='ocrx_word' id='word_1_122' title='bbox 1108 2889 1174 2941; x_wconf 87' lang='lat' dir='ltr'>tum</span> <span class='ocrx_word' id='word_1_123' title='bbox 1194 2876 1348 2955; x_wconf 75' lang='lat' dir='ltr'>exsulem,</span> 
     </span>
     <span class='ocr_line' id='line_1_20' title="bbox 334 2994 1347 3081; baseline 0.002 -22"><span class='ocrx_word' id='word_1_124' title='bbox 334 2994 445 3059; x_wconf 77' lang='lat' dir='ltr'>Thebis</span> <span class='ocrx_word' id='word_1_125' title='bbox 462 3003 716 3073; x_wconf 85' lang='lat' dir='ltr'>commorantem,</span> <span class='ocrx_word' id='word_1_126' title='bbox 735 3018 883 3080; x_wconf 86' lang='lat' dir='ltr'>suamque</span> <span class='ocrx_word' id='word_1_127' title='bbox 898 2996 964 3080; x_wconf 92' lang='lat' dir='ltr'>ipse</span> <span class='ocrx_word' id='word_1_128' title='bbox 981 3018 1165 3080; x_wconf 80' lang='lat' dir='ltr'>magnopere</span> <span class='ocrx_word' id='word_1_129' title='bbox 1180 2996 1347 3081; x_wconf 84' lang='lat' dir='ltr'>interponit</span> 
     </span>
     <span class='ocr_line' id='line_1_21' title="bbox 335 3110 1347 3197; baseline 0 -22"><span class='ocrx_word' id='word_1_130' title='bbox 335 3112 517 3188; x_wconf 86' lang='lat' dir='ltr'>amicitiam,</span> <span class='ocrx_word' id='word_1_131' title='bbox 549 3119 585 3176; x_wconf 90' lang='lat' dir='ltr'>ut</span> <span class='ocrx_word' id='word_1_132' title='bbox 615 3113 644 3177; x_wconf 86' lang='lat' dir='ltr'>ei</span> <span class='ocrx_word' id='word_1_133' title='bbox 671 3113 703 3179; x_wconf 90' lang='lat' dir='ltr'>in</span> <span class='ocrx_word' id='word_1_134' title='bbox 731 3114 861 3197; x_wconf 89' lang='lat' dir='ltr'>patriam</span> <span class='ocrx_word' id='word_1_135' title='bbox 890 3112 991 3177; x_wconf 89' lang='lat' dir='ltr'>redire</span> <span class='ocrx_word' id='word_1_136' title='bbox 1017 3112 1137 3180; x_wconf 85' lang='lat' dir='ltr'>liceret:</span> <span class='ocrx_word' id='word_1_137' title='bbox 1161 3110 1347 3177; x_wconf 87' lang='lat' dir='ltr'>desiderium</span> 
     </span>
     <span class='ocr_line' id='line_1_22' title="bbox 336 3228 1350 3314; baseline 0.001 -23"><span class='ocrx_word' id='word_1_138' title='bbox 336 3228 466 3311; x_wconf 83' lang='lat' dir='ltr'>patriae,</span> <span class='ocrx_word' id='word_1_139' title='bbox 499 3228 583 3311; x_wconf 88' lang='lat' dir='ltr'>quod</span> <span class='ocrx_word' id='word_1_140' title='bbox 611 3242 675 3293; x_wconf 85' lang='lat' dir='ltr'>erat</span> <span class='ocrx_word' id='word_1_141' title='bbox 703 3228 908 3314; x_wconf 90' lang='lat' dir='ltr'>Demophilo,</span> <span class='ocrx_word' id='word_1_142' title='bbox 936 3229 1024 3313; x_wconf 88' lang='lat' dir='ltr'>ponit</span> <span class='ocrx_word' id='word_1_143' title='bbox 1047 3229 1087 3294; x_wconf 92' lang='lat' dir='ltr'>ob</span> <span class='ocrx_word' id='word_1_144' title='bbox 1111 3228 1234 3305; x_wconf 88' lang='lat' dir='ltr'>oculos,</span> <span class='ocrx_word' id='word_1_145' title='bbox 1258 3229 1350 3312; x_wconf 81' lang='lat' dir='ltr'>glori-</span> 
     </span>
     <span class='ocr_line' id='line_1_23' title="bbox 335 3344 1348 3431; baseline 0.001 -24"><span class='ocrx_word' id='word_1_146' title='bbox 335 3368 443 3431; x_wconf 83' lang='lat' dir='ltr'>amque</span> <span class='ocrx_word' id='word_1_147' title='bbox 470 3346 530 3429; x_wconf 88' lang='lat' dir='ltr'>ipsi</span> <span class='ocrx_word' id='word_1_148' title='bbox 557 3345 712 3411; x_wconf 85' lang='lat' dir='ltr'>Arcesilae</span> <span class='ocrx_word' id='word_1_149' title='bbox 740 3368 775 3409; x_wconf 83' lang='lat' dir='ltr'>ex</span> <span class='ocrx_word' id='word_1_150' title='bbox 799 3346 884 3411; x_wconf 90' lang='lat' dir='ltr'>illius</span> <span class='ocrx_word' id='word_1_151' title='bbox 908 3346 1010 3410; x_wconf 90' lang='lat' dir='ltr'>reditu</span> <span class='ocrx_word' id='word_1_152' title='bbox 1036 3345 1170 3410; x_wconf 80' lang='lat' dir='ltr'>futuram</span> <span class='ocrx_word' id='word_1_153' title='bbox 1195 3344 1348 3422; x_wconf 86' lang='lat' dir='ltr'>ostendit,</span> 
     </span>
     <span class='ocr_line' id='line_1_24' title="bbox 335 3461 1351 3547; baseline 0 -22"><span class='ocrx_word' id='word_1_154' title='bbox 335 3462 547 3527; x_wconf 88' lang='lat' dir='ltr'>cumulaturus</span> <span class='ocrx_word' id='word_1_155' title='bbox 575 3485 639 3527; x_wconf 91' lang='lat' dir='ltr'>eam</span> <span class='ocrx_word' id='word_1_156' title='bbox 668 3464 733 3547; x_wconf 91' lang='lat' dir='ltr'>ipse</span> <span class='ocrx_word' id='word_1_157' title='bbox 756 3462 954 3527; x_wconf 89' lang='lat' dir='ltr'>carminibus.</span> <span class='ocrx_word' id='word_1_158' title='bbox 1001 3462 1134 3526; x_wconf 84' lang='lat' dir='ltr'>Causam</span> <span class='ocrx_word' id='word_1_159' title='bbox 1157 3461 1244 3525; x_wconf 87' lang='lat' dir='ltr'>addit</span> <span class='ocrx_word' id='word_1_160' title='bbox 1267 3484 1351 3546; x_wconf 85' lang='lat' dir='ltr'>prae-</span> 
     </span>
     <span class='ocr_line' id='line_1_25' title="bbox 336 3578 1350 3665; baseline 0 -24"><span class='ocrx_word' id='word_1_161' title='bbox 336 3588 415 3643; x_wconf 87' lang='lat' dir='ltr'>terea</span> <span class='ocrx_word' id='word_1_162' title='bbox 437 3600 597 3663; x_wconf 82' lang='lat' dir='ltr'>magnam,</span> <span class='ocrx_word' id='word_1_163' title='bbox 623 3580 655 3643; x_wconf 90' lang='lat' dir='ltr'>in</span> <span class='ocrx_word' id='word_1_164' title='bbox 679 3579 815 3647; x_wconf 85' lang='lat' dir='ltr'>moribus</span> <span class='ocrx_word' id='word_1_165' title='bbox 836 3578 1014 3665; x_wconf 82' lang='lat' dir='ltr'>Damophili</span> <span class='ocrx_word' id='word_1_166' title='bbox 1033 3579 1180 3664; x_wconf 87' lang='lat' dir='ltr'>positam,</span> <span class='ocrx_word' id='word_1_167' title='bbox 1200 3578 1350 3663; x_wconf 86' lang='lat' dir='ltr'>sapientia</span> 
     </span>
     <span class='ocr_line' id='line_1_26' title="bbox 335 3695 1348 3781; baseline -0.002 -22"><span class='ocrx_word' id='word_1_168' title='bbox 335 3696 523 3781; x_wconf 86' lang='lat' dir='ltr'>conspicuis,</span> <span class='ocrx_word' id='word_1_169' title='bbox 544 3696 672 3781; x_wconf 84' lang='lat' dir='ltr'>placidis</span> <span class='ocrx_word' id='word_1_170' title='bbox 692 3697 894 3781; x_wconf 86' lang='lat' dir='ltr'>mitibusqae,</span> <span class='ocrx_word' id='word_1_171' title='bbox 915 3698 1047 3761; x_wconf 79' lang='lat' dir='ltr'>maxime</span> <span class='ocrx_word' id='word_1_172' title='bbox 1067 3718 1137 3760; x_wconf 86' lang='lat' dir='ltr'>vero</span> <span class='ocrx_word' id='word_1_173' title='bbox 1157 3695 1348 3781; x_wconf 87' lang='lat' dir='ltr'>simplicibus</span> 
     </span>
     <span class='ocr_line' id='line_1_27' title="bbox 336 3813 1350 3901; baseline 0.001 -24"><span class='ocrx_word' id='word_1_174' title='bbox 336 3822 364 3877; x_wconf 91' lang='lat' dir='ltr'>et</span> <span class='ocrx_word' id='word_1_175' title='bbox 393 3814 525 3901; x_wconf 87' lang='lat' dir='ltr'>apertis:</span> <span class='ocrx_word' id='word_1_176' title='bbox 557 3814 825 3891; x_wconf 86' lang='lat' dir='ltr'>„maledicentiam</span> <span class='ocrx_word' id='word_1_177' title='bbox 855 3816 943 3879; x_wconf 88' lang='lat' dir='ltr'>silere</span> <span class='ocrx_word' id='word_1_178' title='bbox 974 3815 1075 3898; x_wconf 80' lang='lat' dir='ltr'>cogit,</span> <span class='ocrx_word' id='word_1_179' title='bbox 1107 3813 1215 3877; x_wconf 85' lang='lat' dir='ltr'>didicit</span> <span class='ocrx_word' id='word_1_180' title='bbox 1246 3836 1350 3898; x_wconf 84' lang='lat' dir='ltr'>supcr-</span> 
     </span>
     <span class='ocr_line' id='line_1_28' title="bbox 336 3930 1349 4015; baseline 0 -22"><span class='ocrx_word' id='word_1_181' title='bbox 336 3930 467 3997; x_wconf 88' lang='lat' dir='ltr'>bientem</span> <span class='ocrx_word' id='word_1_182' title='bbox 502 3932 619 4008; x_wconf 87' lang='lat' dir='ltr'>odisse,</span> <span class='ocrx_word' id='word_1_183' title='bbox 656 3955 712 3999; x_wconf 89' lang='lat' dir='ltr'>nec</span> <span class='ocrx_word' id='word_1_184' title='bbox 745 3941 842 3997; x_wconf 89' lang='lat' dir='ltr'>certat</span> <span class='ocrx_word' id='word_1_185' title='bbox 876 3932 1022 3997; x_wconf 87' lang='lat' dir='ltr'>adversus</span> <span class='ocrx_word' id='word_1_186' title='bbox 1060 3932 1173 3996; x_wconf 69' lang='lat' dir='ltr'>boreos:</span> <span class='ocrx_word' id='word_1_187' title='bbox 1207 3936 1349 4015; x_wconf 88' lang='lat' dir='ltr'>precatur</span> 
     </span>
     <span class='ocr_line' id='line_1_29' title="bbox 337 4026 1349 4135; baseline 0 -24"><span class='ocrx_word' id='word_1_188' title='bbox 337 4049 451 4114; x_wconf 87' lang='lat' dir='ltr'>civibus</span> <span class='ocrx_word' id='word_1_189' title='bbox 478 4049 645 4135; x_wconf 86' lang='lat' dir='ltr'>tranquille</span> <span class='ocrx_word' id='word_1_190' title='bbox 668 4026 815 4128; x_wconf 76' lang='lat' dir='ltr'>misceri,</span> <span class='ocrx_word' id='word_1_191' title='bbox 829 4072 885 4114; x_wconf 90' lang='lat' dir='ltr'>nec</span> <span class='ocrx_word' id='word_1_192' title='bbox 909 4051 1054 4135; x_wconf 90' lang='lat' dir='ltr'>cuiquam</span> <span class='ocrx_word' id='word_1_193' title='bbox 1078 4048 1194 4113; x_wconf 92' lang='lat' dir='ltr'>malum</span> <span class='ocrx_word' id='word_1_194' title='bbox 1217 4048 1349 4124; x_wconf 85' lang='lat' dir='ltr'>faciens,</span> 
     </span>
     <span class='ocr_line' id='line_1_30' title="bbox 339 4166 951 4253; baseline 0.003 -24"><span class='ocrx_word' id='word_1_195' title='bbox 339 4168 453 4251; x_wconf 88' lang='lat' dir='ltr'>etipse</span> <span class='ocrx_word' id='word_1_196' title='bbox 477 4166 556 4233; x_wconf 86' lang='lat' dir='ltr'>nibil</span> <span class='ocrx_word' id='word_1_197' title='bbox 580 4190 598 4231; x_wconf 93' lang='lat' dir='ltr'>a</span> <span class='ocrx_word' id='word_1_198' title='bbox 620 4168 737 4233; x_wconf 87' lang='lat' dir='ltr'>civibus</span> <span class='ocrx_word' id='word_1_199' title='bbox 762 4168 951 4253; x_wconf 79' lang='lat' dir='ltr'>patiens.”⁸)</span> 
     </span>
    </p>
   </div>
   <div class='ocr_carea' id='block_1_5' title="bbox 370 4422 1346 4495">
    <p class='ocr_par' dir='ltr' id='par_1_7' title="bbox 370 4422 1346 4495">
     <span class='ocr_line' id='line_1_31' title="bbox 370 4422 1346 4495; baseline -0.009 -16"><span class='ocrx_word' id='word_1_200' title='bbox 370 4432 393 4493; x_wconf 91' lang='lat' dir='ltr'>l)</span> <span class='ocrx_word' id='word_1_201' title='bbox 413 4431 451 4481; x_wconf 78' lang='lat'>01.</span> <span class='ocrx_word' id='word_1_202' title='bbox 469 4430 509 4481; x_wconf 85' lang='lat'>11.</span> <span class='ocrx_word' id='word_1_203' title='bbox 528 4428 582 4483; x_wconf 77' lang='lat'>178.</span> <span class='ocrx_word' id='word_1_204' title='bbox 658 4428 683 4489; x_wconf 80' lang='grc'>2)</span> <span class='ocrx_word' id='word_1_205' title='bbox 700 4429 741 4495; x_wconf 69' lang='lat' dir='ltr'>Py.</span> <span class='ocrx_word' id='word_1_206' title='bbox 761 4428 805 4477; x_wconf 84' lang='lat' dir='ltr'>[V.</span> <span class='ocrx_word' id='word_1_207' title='bbox 823 4426 886 4487; x_wconf 72' lang='lat'>482,</span> <span class='ocrx_word' id='word_1_208' title='bbox 902 4442 964 4491; x_wconf 78' lang='lat' dir='ltr'>seqq.</span> <span class='ocrx_word' id='word_1_209' title='bbox 1041 4426 1065 4485; x_wconf 78' lang='grc'>3)</span> <span class='ocrx_word' id='word_1_210' title='bbox 1083 4426 1125 4489; x_wconf 67' lang='lat' dir='ltr'>ry.</span> <span class='ocrx_word' id='word_1_211' title='bbox 1143 4425 1188 4474; x_wconf 84' lang='lat' dir='ltr'>IV.</span> <span class='ocrx_word' id='word_1_212' title='bbox 1206 4422 1267 4482; x_wconf 76' lang='lat'>498,</span> <span class='ocrx_word' id='word_1_213' title='bbox 1284 4437 1346 4485; x_wconf 79' lang='lat' dir='ltr'>seqq.</span> 
     </span>
    </p>
   </div>
   <div class='ocr_carea' id='block_1_6' title="bbox 0 0 1869 5542">
    <p class='ocr_par' dir='ltr' id='par_1_8' title="bbox 0 0 1869 5542">
     <span class='ocr_line' id='line_1_32' title="bbox 0 0 1869 5542; baseline 0 0"><span class='ocrx_word' id='word_1_214' title='bbox 0 0 1869 5542; x_wconf 95' lang='lat' dir='ltr'> </span> 
     </span>
    </p>
   </div>
  </div>
 </body>
</html>
