<?xml version="1.0" encoding="UTF-8"?>
<!DOCTYPE html PUBLIC "-//W3C//DTD XHTML 1.0 Transitional//EN"
    "http://www.w3.org/TR/xhtml1/DTD/xhtml1-transitional.dtd">
<html xmlns="http://www.w3.org/1999/xhtml" xml:lang="en" lang="en">
 <head>
  <title>
</title>
<meta http-equiv="Content-Type" content="text/html;charset=utf-8" />
  <meta name='ocr-system' content='tesseract 3.04.00' />
  <meta name='ocr-capabilities' content='ocr_page ocr_carea ocr_par ocr_line ocrx_word'/>
</head>
<body>
  <div class='ocr_page' id='page_1' title='image "./pindaricarminao01pindgoog_0503.png"; bbox 0 0 3725 5542; ppageno 0'>
   <div class='ocr_carea' id='block_1_1' title="bbox 817 748 881 807">
    <p class='ocr_par' dir='ltr' id='par_1_1' title="bbox 817 748 881 807">
     <span class='ocr_line' id='line_1_1' title="bbox 817 748 881 807; baseline -0.016 0"><span class='ocrx_word' id='word_1_1' title='bbox 817 748 881 807; x_wconf 74' lang='lat'><strong>489</strong></span> 
     </span>
    </p>
   </div>
   <div class='ocr_carea' id='block_1_2' title="bbox 335 945 1357 2559">
    <p class='ocr_par' dir='ltr' id='par_1_2' title="bbox 337 945 1357 1736">
     <span class='ocr_line' id='line_1_2' title="bbox 340 945 1357 1029; baseline -0.003 -19"><span class='ocrx_word' id='word_1_2' title='bbox 340 954 500 1011; x_wconf 80' lang='lat' dir='ltr'><strong>certarent.</strong></span> <span class='ocrx_word' id='word_1_3' title='bbox 536 945 668 1011; x_wconf 89' lang='lat' dir='ltr'><strong>Difficile</strong></span> <span class='ocrx_word' id='word_1_4' title='bbox 691 952 738 1010; x_wconf 87' lang='lat' dir='ltr'><strong>est</strong></span> <span class='ocrx_word' id='word_1_5' title='bbox 760 968 797 1010; x_wconf 82' lang='lat' dir='ltr'><strong>ex</strong></span> <span class='ocrx_word' id='word_1_6' title='bbox 820 946 869 1009; x_wconf 91' lang='lat' dir='ltr'><strong>his</strong></span> <span class='ocrx_word' id='word_1_7' title='bbox 892 945 1077 1009; x_wconf 69' lang='lat' dir='ltr'><strong>testimoniis</strong></span> <span class='ocrx_word' id='word_1_8' title='bbox 1101 946 1257 1029; x_wconf 80' lang='lat' dir='ltr'><strong>explorare</strong></span> <span class='ocrx_word' id='word_1_9' title='bbox 1283 945 1357 1008; x_wconf 89' lang='lat' dir='ltr'><strong>veri·</strong></span> 
     </span>
     <span class='ocr_line' id='line_1_3' title="bbox 340 1062 1356 1147; baseline -0.003 -19"><span class='ocrx_word' id='word_1_10' title='bbox 340 1072 443 1128; x_wconf 86' lang='lat' dir='ltr'><strong>tatem.</strong></span> <span class='ocrx_word' id='word_1_11' title='bbox 467 1064 649 1127; x_wconf 78' lang='lat' dir='ltr'><strong>Philoxenia</strong></span> <span class='ocrx_word' id='word_1_12' title='bbox 663 1063 788 1147; x_wconf 90' lang='lat' dir='ltr'><strong>quidem</strong></span> <span class='ocrx_word' id='word_1_13' title='bbox 804 1063 950 1127; x_wconf 82' lang='lat' dir='ltr'><strong>credibile</strong></span> <span class='ocrx_word' id='word_1_14' title='bbox 967 1070 1012 1127; x_wconf 89' lang='lat' dir='ltr'><strong>est</strong></span> <span class='ocrx_word' id='word_1_15' title='bbox 1032 1064 1156 1128; x_wconf 85' lang='lat' dir='ltr'><strong>fallente</strong></span> <span class='ocrx_word' id='word_1_16' title='bbox 1173 1062 1356 1127; x_wconf 76' lang='lat' dir='ltr'><strong>scholiastae</strong></span> 
     </span>
     <span class='ocr_line' id='line_1_4' title="bbox 338 1180 1355 1266; baseline -0.003 -20"><span class='ocrx_word' id='word_1_17' title='bbox 338 1182 484 1246; x_wconf 91' lang='lat' dir='ltr'><strong>memoria</strong></span> <span class='ocrx_word' id='word_1_18' title='bbox 506 1181 619 1265; x_wconf 88' lang='lat' dir='ltr'><strong>scripta</strong></span> <span class='ocrx_word' id='word_1_19' title='bbox 641 1181 751 1258; x_wconf 89' lang='lat' dir='ltr'><strong>fuisse,</strong></span> <span class='ocrx_word' id='word_1_20' title='bbox 776 1203 871 1264; x_wconf 85' lang='lat' dir='ltr'><strong>quum</strong></span> <span class='ocrx_word' id='word_1_21' title='bbox 896 1180 1080 1266; x_wconf 81' lang='lat' dir='ltr'><strong>significaret</strong></span> <span class='ocrx_word' id='word_1_22' title='bbox 1095 1180 1287 1257; x_wconf 81' lang='lat' dir='ltr'><strong>Theoxenis,</strong></span> <span class='ocrx_word' id='word_1_23' title='bbox 1307 1180 1355 1244; x_wconf 83' lang='lat' dir='ltr'><strong>vel</strong></span> 
     </span>
     <span class='ocr_line' id='line_1_5' title="bbox 338 1298 1353 1383; baseline -0.002 -20"><span class='ocrx_word' id='word_1_24' title='bbox 338 1298 442 1363; x_wconf 89' lang='lat' dir='ltr'><strong>eadem</strong></span> <span class='ocrx_word' id='word_1_25' title='bbox 472 1299 566 1362; x_wconf 82' lang='lat' dir='ltr'><strong>luisse</strong></span> <span class='ocrx_word' id='word_1_26' title='bbox 595 1299 720 1363; x_wconf 89' lang='lat' dir='ltr'><strong>nomine</strong></span> <span class='ocrx_word' id='word_1_27' title='bbox 751 1298 879 1383; x_wconf 83' lang='lat' dir='ltr'><strong>duplici.</strong></span> <span class='ocrx_word' id='word_1_28' title='bbox 925 1298 1065 1362; x_wconf 75' lang='lat' dir='ltr'><strong>Fortasse</strong></span> <span class='ocrx_word' id='word_1_29' title='bbox 1089 1299 1162 1362; x_wconf 89' lang='lat' dir='ltr'><strong>haec</strong></span> <span class='ocrx_word' id='word_1_30' title='bbox 1186 1298 1260 1362; x_wconf 91' lang='lat' dir='ltr'><strong>olim</strong></span> <span class='ocrx_word' id='word_1_31' title='bbox 1284 1318 1353 1361; x_wconf 87' lang='lat' dir='ltr'><strong>eom</strong></span> 
     </span>
     <span class='ocr_line' id='line_1_6' title="bbox 337 1414 1356 1501; baseline -0.003 -20"><span class='ocrx_word' id='word_1_32' title='bbox 337 1416 496 1481; x_wconf 88' lang='lat' dir='ltr'><strong>Hermaeis</strong></span> <span class='ocrx_word' id='word_1_33' title='bbox 519 1418 683 1501; x_wconf 88' lang='lat' dir='ltr'><strong>conjuncta</strong></span> <span class='ocrx_word' id='word_1_34' title='bbox 705 1416 845 1493; x_wconf 83' lang='lat' dir='ltr'><strong>fuerunt,</strong></span> <span class='ocrx_word' id='word_1_35' title='bbox 870 1424 977 1500; x_wconf 86' lang='lat' dir='ltr'><strong>postea</strong></span> <span class='ocrx_word' id='word_1_36' title='bbox 995 1416 1033 1479; x_wconf 89' lang='lat' dir='ltr'><strong>ab</strong></span> <span class='ocrx_word' id='word_1_37' title='bbox 1050 1416 1087 1480; x_wconf 90' lang='lat' dir='ltr'><strong>iis</strong></span> <span class='ocrx_word' id='word_1_38' title='bbox 1104 1422 1253 1500; x_wconf 87' lang='lat' dir='ltr'><strong>separata.</strong></span> <span class='ocrx_word' id='word_1_39' title='bbox 1287 1414 1356 1479; x_wconf 89' lang='lat' dir='ltr'><strong>Pin·</strong></span> 
     </span>
     <span class='ocr_line' id='line_1_7' title="bbox 338 1532 1354 1619; baseline 0 -22"><span class='ocrx_word' id='word_1_40' title='bbox 338 1534 431 1598; x_wconf 83' lang='lat' dir='ltr'><strong>darus</strong></span> <span class='ocrx_word' id='word_1_41' title='bbox 454 1542 534 1598; x_wconf 86' lang='lat' dir='ltr'><strong>cert-e</strong></span> <span class='ocrx_word' id='word_1_42' title='bbox 558 1534 680 1611; x_wconf 81' lang='lat' dir='ltr'><strong>ethic,</strong></span> <span class='ocrx_word' id='word_1_43' title='bbox 704 1541 736 1598; x_wconf 87' lang='lat' dir='ltr'><strong>et</strong></span> <span class='ocrx_word' id='word_1_44' title='bbox 758 1532 848 1598; x_wconf 89' lang='lat' dir='ltr'><strong>Nem.</strong></span> <span class='ocrx_word' id='word_1_45' title='bbox 873 1532 904 1596; x_wconf 86' lang='lat' dir='ltr'>X</span> <span class='ocrx_word' id='word_1_46' title='bbox 928 1536 989 1610; x_wconf 78' lang='lat'><strong>84,</strong></span> <span class='ocrx_word' id='word_1_47' title='bbox 1013 1533 1176 1619; x_wconf 87' lang='lat' dir='ltr'><strong>palliorum</strong></span> <span class='ocrx_word' id='word_1_48' title='bbox 1197 1533 1354 1597; x_wconf 85' lang='lat' dir='ltr'><strong>laneorum</strong></span> 
     </span>
     <span class='ocr_line' id='line_1_8' title="bbox 337 1649 1335 1736; baseline -0.001 -21"><span class='ocrx_word' id='word_1_49' title='bbox 337 1650 471 1736; x_wconf 87' lang='lat' dir='ltr'><strong>praemia</strong></span> <span class='ocrx_word' id='word_1_50' title='bbox 494 1657 717 1716; x_wconf 89' lang='lat' dir='ltr'><strong>commemorat.</strong></span> <span class='ocrx_word' id='word_1_51' title='bbox 742 1649 831 1715; x_wconf 88' lang='lat' dir='ltr'><strong>Couf.</strong></span> <span class='ocrx_word' id='word_1_52' title='bbox 856 1650 993 1728; x_wconf 89' lang='lat' dir='ltr'><strong>Krause,</strong></span> <span class='ocrx_word' id='word_1_53' title='bbox 1023 1653 1119 1735; x_wconf 79' lang='lat' dir='ltr'><strong>Agou.</strong></span> <span class='ocrx_word' id='word_1_54' title='bbox 1144 1650 1232 1735; x_wconf 89' lang='lat' dir='ltr'><strong>Hp.</strong></span> <span class='ocrx_word' id='word_1_55' title='bbox 1259 1652 1335 1715; x_wconf 81' lang='grc'><strong>715.</strong></span> 
     </span>
    </p>

    <p class='ocr_par' dir='ltr' id='par_1_3' title="bbox 335 1767 1357 2559">
     <span class='ocr_line' id='line_1_9' title="bbox 385 1767 1355 1853; baseline 0 -21"><span class='ocrx_word' id='word_1_56' title='bbox 385 1770 459 1832; x_wconf 82' lang='lat'><strong>146.</strong></span> <span class='ocrx_word' id='word_1_57' title='bbox 490 1772 613 1848; x_wconf 78' lang='grc' dir='ltr'><strong><em>ψυχοοῖο</em></strong></span> <span class='ocrx_word' id='word_1_58' title='bbox 627 1768 795 1848; x_wconf 73' lang='grc' dir='ltr'><strong>φάρμακον.</strong></span> <span class='ocrx_word' id='word_1_59' title='bbox 828 1767 1046 1831; x_wconf 86' lang='lat' dir='ltr'><strong>Ascholiastis</strong></span> <span class='ocrx_word' id='word_1_60' title='bbox 1062 1768 1110 1831; x_wconf 87' lang='lat' dir='ltr'><strong>vel</strong></span> <span class='ocrx_word' id='word_1_61' title='bbox 1124 1767 1236 1853; x_wconf 74' lang='lat' dir='ltr'><strong>frigida</strong></span> <span class='ocrx_word' id='word_1_62' title='bbox 1249 1790 1355 1832; x_wconf 89' lang='lat' dir='ltr'><strong>eorum</strong></span> 
     </span>
     <span class='ocr_line' id='line_1_10' title="bbox 336 1884 1357 1970; baseline 0 -22"><span class='ocrx_word' id='word_1_63' title='bbox 336 1885 473 1949; x_wconf 88' lang='lat' dir='ltr'><strong>locorum</strong></span> <span class='ocrx_word' id='word_1_64' title='bbox 493 1885 669 1969; x_wconf 83' lang='lat' dir='ltr'><strong>temperies,</strong></span> <span class='ocrx_word' id='word_1_65' title='bbox 687 1884 735 1948; x_wconf 88' lang='lat' dir='ltr'><strong>vel</strong></span> <span class='ocrx_word' id='word_1_66' title='bbox 749 1893 871 1969; x_wconf 85' lang='lat' dir='ltr'><strong>tempus</strong></span> <span class='ocrx_word' id='word_1_67' title='bbox 886 1884 1030 1949; x_wconf 86' lang='lat' dir='ltr'><strong>ludorum</strong></span> <span class='ocrx_word' id='word_1_68' title='bbox 1047 1885 1177 1949; x_wconf 80' lang='lat' dir='ltr'><strong>hiemale</strong></span> <span class='ocrx_word' id='word_1_69' title='bbox 1192 1908 1247 1970; x_wconf 92' lang='lat' dir='ltr'><strong>pro</strong></span> <span class='ocrx_word' id='word_1_70' title='bbox 1264 1907 1357 1949; x_wconf 87' lang='lat' dir='ltr'><strong>causa</strong></span> 
     </span>
     <span class='ocr_line' id='line_1_11' title="bbox 335 2001 1356 2086; baseline -0.001 -20"><span class='ocrx_word' id='word_1_71' title='bbox 335 2003 470 2086; x_wconf 88' lang='lat' dir='ltr'><strong>ponitur.</strong></span> <span class='ocrx_word' id='word_1_72' title='bbox 507 2001 616 2066; x_wconf 85' lang='lat' dir='ltr'><strong>Strabo</strong></span> <span class='ocrx_word' id='word_1_73' title='bbox 639 2001 676 2065; x_wconf 77' lang='lat' dir='ltr'><strong>Ir.</strong></span> <span class='ocrx_word' id='word_1_74' title='bbox 694 2001 776 2066; x_wconf 85' lang='lat' dir='ltr'>VIII</span> <span class='ocrx_word' id='word_1_75' title='bbox 800 2024 829 2086; x_wconf 93' lang='lat' dir='ltr'><strong>p.</strong></span> <span class='ocrx_word' id='word_1_76' title='bbox 854 2004 938 2079; x_wconf 81' lang='lat'><strong>386,</strong></span> <span class='ocrx_word' id='word_1_77' title='bbox 962 2001 1041 2065; x_wconf 85' lang='lat' dir='ltr'><strong>Alm.</strong></span> <span class='ocrx_word' id='word_1_78' title='bbox 1061 2005 1140 2078; x_wconf 77' lang='lat'><strong>593,</strong></span> <span class='ocrx_word' id='word_1_79' title='bbox 1158 2002 1240 2065; x_wconf 87' lang='lat' dir='ltr'><strong>intra</strong></span> <span class='ocrx_word' id='word_1_80' title='bbox 1256 2004 1356 2086; x_wconf 83' lang='lat' dir='ltr'><strong>Aegas</strong></span> 
     </span>
     <span class='ocr_line' id='line_1_12' title="bbox 335 2118 1356 2196; baseline -0.002 -11"><span class='ocrx_word' id='word_1_81' title='bbox 335 2127 367 2185; x_wconf 93' lang='lat' dir='ltr'><strong>et</strong></span> <span class='ocrx_word' id='word_1_82' title='bbox 397 2120 541 2185; x_wconf 86' lang='lat' dir='ltr'><strong>Pellenen</strong></span> <span class='ocrx_word' id='word_1_83' title='bbox 566 2121 666 2185; x_wconf 84' lang='lat' dir='ltr'><strong>vicum</strong></span> <span class='ocrx_word' id='word_1_84' title='bbox 696 2119 840 2184; x_wconf 89' lang='lat' dir='ltr'><strong>Pellenen</strong></span> <span class='ocrx_word' id='word_1_85' title='bbox 867 2119 962 2184; x_wconf 82' lang='lat' dir='ltr'><strong>fuisse</strong></span> <span class='ocrx_word' id='word_1_86' title='bbox 986 2118 1075 2196; x_wconf 86' lang='lat' dir='ltr'><strong>dicit,</strong></span> <span class='ocrx_word' id='word_1_87' title='bbox 1098 2120 1179 2184; x_wconf 91' lang='lat' dir='ltr'><strong>unde</strong></span> <span class='ocrx_word' id='word_1_88' title='bbox 1196 2127 1298 2184; x_wconf 86' lang='lat' dir='ltr'><strong>essent</strong></span> <span class='ocrx_word' id='word_1_89' title='bbox 1314 2120 1356 2184; x_wconf 89' lang='lat' dir='ltr'><strong>la·</strong></span> 
     </span>
     <span class='ocr_line' id='line_1_13' title="bbox 336 2237 1357 2324; baseline -0.001 -22"><span class='ocrx_word' id='word_1_90' title='bbox 336 2262 462 2316; x_wconf 89' lang='lat' dir='ltr'><strong>cernae,</strong></span> <span class='ocrx_word' id='word_1_91' title='bbox 487 2261 563 2324; x_wconf 84' lang='lat' dir='ltr'><strong>quas</strong></span> <span class='ocrx_word' id='word_1_92' title='bbox 588 2238 679 2302; x_wconf 91' lang='lat' dir='ltr'><strong>etiam</strong></span> <span class='ocrx_word' id='word_1_93' title='bbox 703 2237 837 2323; x_wconf 86' lang='lat' dir='ltr'><strong>praemia</strong></span> <span class='ocrx_word' id='word_1_94' title='bbox 859 2237 1001 2302; x_wconf 87' lang='lat' dir='ltr'><strong>dederint</strong></span> <span class='ocrx_word' id='word_1_95' title='bbox 1024 2239 1056 2301; x_wconf 92' lang='lat' dir='ltr'><strong>in</strong></span> <span class='ocrx_word' id='word_1_96' title='bbox 1072 2238 1308 2303; x_wconf 81' lang='lat' dir='ltr'><strong>certaminibus:</strong></span> <span class='ocrx_word' id='word_1_97' title='bbox 1326 2244 1357 2302; x_wconf 93' lang='lat' dir='ltr'><strong>et</strong></span> 
     </span>
     <span class='ocr_line' id='line_1_14' title="bbox 337 2355 1355 2441; baseline -0.001 -21"><span class='ocrx_word' id='word_1_98' title='bbox 337 2355 510 2441; x_wconf 79' lang='lat' dir='ltr'><strong>Hesychius</strong></span> <span class='ocrx_word' id='word_1_99' title='bbox 534 2355 704 2420; x_wconf 89' lang='lat' dir='ltr'><strong>Pellenicas</strong></span> <span class='ocrx_word' id='word_1_100' title='bbox 726 2356 863 2419; x_wconf 85' lang='lat' dir='ltr'><strong>lacernas</strong></span> <span class='ocrx_word' id='word_1_101' title='bbox 888 2355 1019 2441; x_wconf 87' lang='lat' dir='ltr'><strong>optimas</strong></span> <span class='ocrx_word' id='word_1_102' title='bbox 1036 2378 1100 2419; x_wconf 88' lang='lat' dir='ltr'><strong>esse</strong></span> <span class='ocrx_word' id='word_1_103' title='bbox 1117 2355 1206 2433; x_wconf 89' lang='lat' dir='ltr'><strong>dicit,</strong></span> <span class='ocrx_word' id='word_1_104' title='bbox 1223 2356 1355 2440; x_wconf 90' lang='lat' dir='ltr'><strong>ideoque</strong></span> 
     </span>
     <span class='ocr_line' id='line_1_15' title="bbox 335 2472 1354 2559; baseline 0 -22"><span class='ocrx_word' id='word_1_105' title='bbox 335 2496 390 2559; x_wconf 91' lang='lat' dir='ltr'><strong>pro</strong></span> <span class='ocrx_word' id='word_1_106' title='bbox 418 2473 561 2558; x_wconf 88' lang='lat' dir='ltr'><strong>praemiis</strong></span> <span class='ocrx_word' id='word_1_107' title='bbox 584 2472 680 2537; x_wconf 88' lang='lat' dir='ltr'><strong>datas.</strong></span> <span class='ocrx_word' id='word_1_108' title='bbox 716 2472 759 2535; x_wconf 85' lang='lat' dir='ltr'><strong>Et</strong></span> <span class='ocrx_word' id='word_1_109' title='bbox 780 2472 860 2537; x_wconf 89' lang='lat' dir='ltr'><strong>hanc</strong></span> <span class='ocrx_word' id='word_1_110' title='bbox 883 2473 931 2536; x_wconf 89' lang='lat' dir='ltr'><strong>vel</strong></span> <span class='ocrx_word' id='word_1_111' title='bbox 955 2494 1076 2537; x_wconf 86' lang='lat' dir='ltr'><strong>causam</strong></span> <span class='ocrx_word' id='word_1_112' title='bbox 1101 2472 1148 2537; x_wconf 93' lang='lat' dir='ltr'><strong>vel</strong></span> <span class='ocrx_word' id='word_1_113' title='bbox 1165 2480 1246 2537; x_wconf 87' lang='lat' dir='ltr'><strong>certe</strong></span> <span class='ocrx_word' id='word_1_114' title='bbox 1259 2495 1354 2538; x_wconf 90' lang='lat' dir='ltr'><strong>uuam</strong></span> 
     </span>
    </p>
   </div>
   <div class='ocr_carea' id='block_1_3' title="bbox 335 2590 1355 2802">
    <p class='ocr_par' dir='ltr' id='par_1_4' title="bbox 335 2590 1355 2802">
     <span class='ocr_line' id='line_1_16' title="bbox 335 2590 778 2656; baseline -0.005 -1"><span class='ocrx_word' id='word_1_115' title='bbox 335 2614 371 2656; x_wconf 86' lang='lat' dir='ltr'><strong>ex</strong></span> <span class='ocrx_word' id='word_1_116' title='bbox 395 2591 496 2655; x_wconf 85' lang='lat' dir='ltr'><strong>causis</strong></span> <span class='ocrx_word' id='word_1_117' title='bbox 520 2590 613 2655; x_wconf 86' lang='lat' dir='ltr'><strong>luisse</strong></span> <span class='ocrx_word' id='word_1_118' title='bbox 637 2590 778 2655; x_wconf 89' lang='lat' dir='ltr'><strong>arbitror.</strong></span> 
     </span>
     <span class='ocr_line' id='line_1_17' title="bbox 382 2707 1355 2802; baseline 0.002 -31"><span class='ocrx_word' id='word_1_119' title='bbox 382 2710 456 2771; x_wconf 80' lang='lat'><strong>148.</strong></span> <span class='ocrx_word' id='word_1_120' title='bbox 491 2707 625 2780; x_wconf 70' lang='grc' dir='ltr'><strong><em>σύνδικος,</em></strong></span> <span class='ocrx_word' id='word_1_121' title='bbox 648 2708 786 2802; x_wconf 71' lang='grc' dir='ltr'><strong>ΙΡοορι·ίο</strong></span> <span class='ocrx_word' id='word_1_122' title='bbox 802 2707 925 2793; x_wconf 90' lang='lat' dir='ltr'><strong>adjutor</strong></span> <span class='ocrx_word' id='word_1_123' title='bbox 940 2709 1076 2774; x_wconf 86' lang='lat' dir='ltr'><strong>accusati</strong></span> <span class='ocrx_word' id='word_1_124' title='bbox 1087 2708 1255 2793; x_wconf 87' lang='lat' dir='ltr'><strong>injudicio.</strong></span> <span class='ocrx_word' id='word_1_125' title='bbox 1285 2709 1355 2773; x_wconf 90' lang='lat' dir='ltr'><strong>Hoc</strong></span> 
     </span>
    </p>
   </div>
   <div class='ocr_carea' id='block_1_4' title="bbox 332 2824 1406 4428">
    <p class='ocr_par' dir='ltr' id='par_1_5' title="bbox 334 2824 1353 3023">
     <span class='ocr_line' id='line_1_18' title="bbox 334 2824 1353 2912; baseline 0 -23"><span class='ocrx_word' id='word_1_126' title='bbox 334 2825 402 2889; x_wconf 90' lang='lat' dir='ltr'><strong>loco</strong></span> <span class='ocrx_word' id='word_1_127' title='bbox 418 2826 505 2890; x_wconf 89' lang='lat' dir='ltr'><strong>testis</strong></span> <span class='ocrx_word' id='word_1_128' title='bbox 521 2834 553 2890; x_wconf 88' lang='lat' dir='ltr'><strong>et</strong></span> <span class='ocrx_word' id='word_1_129' title='bbox 568 2824 700 2910; x_wconf 91' lang='lat' dir='ltr'><strong>adjutor.</strong></span> <span class='ocrx_word' id='word_1_130' title='bbox 725 2824 813 2890; x_wconf 86' lang='lat' dir='ltr'><strong>Conl.</strong></span> <span class='ocrx_word' id='word_1_131' title='bbox 834 2827 897 2888; x_wconf 75' lang='lat' dir='ltr'><strong>lea</strong></span> <span class='ocrx_word' id='word_1_132' title='bbox 909 2825 1054 2904; x_wconf 73' lang='grc' dir='ltr'><strong>τιμάορος.</strong></span> <span class='ocrx_word' id='word_1_133' title='bbox 1079 2827 1190 2890; x_wconf 89' lang='lat' dir='ltr'><strong>Aesch.</strong></span> <span class='ocrx_word' id='word_1_134' title='bbox 1206 2850 1274 2912; x_wconf 89' lang='lat' dir='ltr'><strong>sup.</strong></span> <span class='ocrx_word' id='word_1_135' title='bbox 1290 2829 1353 2891; x_wconf 78' lang='lat'><strong>⁷26</strong></span> 
     </span>
     <span class='ocr_line' id='line_1_19' title="bbox 491 2940 1172 3023; baseline 0.001 -17"><span class='ocrx_word' id='word_1_136' title='bbox 491 2943 550 3020; x_wconf 69' lang='grc' dir='ltr'><strong>ἐγὼ</strong></span> <span class='ocrx_word' id='word_1_137' title='bbox 571 2941 597 3006; x_wconf 72' lang='grc' dir='ltr'><strong>δ’</strong></span> <span class='ocrx_word' id='word_1_138' title='bbox 619 2942 748 3023; x_wconf 66' lang='grc' dir='ltr'><strong><em>ἀρωγοὺς</em></strong></span> <span class='ocrx_word' id='word_1_139' title='bbox 770 2940 914 3018; x_wconf 55' lang='lat' dir='ltr'><strong>&amp;nullasve</strong></span> <span class='ocrx_word' id='word_1_140' title='bbox 938 2941 1037 3019; x_wconf 69' lang='grc' dir='ltr'><strong><em>θ’ἱίξω</em></strong></span> <span class='ocrx_word' id='word_1_141' title='bbox 1059 2943 1172 3019; x_wconf 53' lang='lat' dir='ltr'><strong>habola.</strong></span> 
     </span>
    </p>

    <p class='ocr_par' dir='ltr' id='par_1_6' title="bbox 335 3057 1406 3143">
     <span class='ocr_line' id='line_1_20' title="bbox 335 3057 1406 3143; baseline 0.006 -22"><span class='ocrx_word' id='word_1_142' title='bbox 335 3057 424 3122; x_wconf 89' lang='lat' dir='ltr'><strong>Plato</strong></span> <span class='ocrx_word' id='word_1_143' title='bbox 454 3057 503 3122; x_wconf 92' lang='lat' dir='ltr'><strong>De</strong></span> <span class='ocrx_word' id='word_1_144' title='bbox 532 3057 628 3143; x_wconf 77' lang='lat' dir='ltr'><strong>Legg.</strong></span> <span class='ocrx_word' id='word_1_145' title='bbox 659 3058 708 3122; x_wconf 87' lang='lat' dir='ltr'><strong>XI</strong></span> <span class='ocrx_word' id='word_1_146' title='bbox 740 3061 806 3121; x_wconf 74' lang='grc'><strong>929</strong></span> <span class='ocrx_word' id='word_1_147' title='bbox 837 3081 854 3122; x_wconf 93' lang='lat' dir='ltr'><strong>e</strong></span> <span class='ocrx_word' id='word_1_148' title='bbox 884 3058 1084 3136; x_wconf 72' lang='grc' dir='ltr'><strong>γιγνέσθωσαν</strong></span> <span class='ocrx_word' id='word_1_149' title='bbox 1114 3063 1155 3142; x_wconf 80' lang='grc' dir='ltr'><strong>τῷ</strong></span> <span class='ocrx_word' id='word_1_150' title='bbox 1178 3061 1356 3142; x_wconf 68' lang='grc' dir='ltr'><strong><em>γραφομένῳ</em></strong></span> <span class='ocrx_word' id='word_1_151' title='bbox 1404 3120 1406 3127; x_wconf 81' lang='grc'>,</span> 
     </span>
    </p>

    <p class='ocr_par' dir='ltr' id='par_1_7' title="bbox 334 3173 1354 3259">
     <span class='ocr_line' id='line_1_21' title="bbox 334 3173 1354 3259; baseline -0.001 -17"><span class='ocrx_word' id='word_1_152' title='bbox 334 3176 478 3259; x_wconf 72' lang='grc' dir='ltr'><strong>μάρτυρες</strong></span> <span class='ocrx_word' id='word_1_153' title='bbox 509 3173 577 3252; x_wconf 70' lang='grc' dir='ltr'><strong><em>οἶμοι</em></strong></span> <span class='ocrx_word' id='word_1_154' title='bbox 608 3175 657 3240; x_wconf 76' lang='lat' dir='ltr'><strong>acl</strong></span> <span class='ocrx_word' id='word_1_155' title='bbox 687 3173 819 3252; x_wconf 65' lang='grc' dir='ltr'><strong>ξύνοικοι.</strong></span> <span class='ocrx_word' id='word_1_156' title='bbox 866 3175 950 3240; x_wconf 90' lang='lat' dir='ltr'><strong>Plut.</strong></span> <span class='ocrx_word' id='word_1_157' title='bbox 986 3177 1033 3240; x_wconf 89' lang='lat' dir='ltr'><strong>De</strong></span> <span class='ocrx_word' id='word_1_158' title='bbox 1057 3177 1188 3242; x_wconf 90' lang='lat' dir='ltr'><strong>Defectu</strong></span> <span class='ocrx_word' id='word_1_159' title='bbox 1213 3176 1303 3241; x_wconf 89' lang='lat' dir='ltr'><strong>Orac.</strong></span> <span class='ocrx_word' id='word_1_160' title='bbox 1328 3201 1354 3241; x_wconf 94' lang='lat' dir='ltr'><strong>c.</strong></span> 
     </span>
    </p>

    <p class='ocr_par' dir='ltr' id='par_1_8' title="bbox 335 3293 1354 3374">
     <span class='ocr_line' id='line_1_22' title="bbox 335 3293 1354 3374; baseline 0.002 -16"><span class='ocrx_word' id='word_1_161' title='bbox 335 3296 377 3358; x_wconf 78' lang='lat'><strong>4⁷</strong></span> <span class='ocrx_word' id='word_1_162' title='bbox 406 3295 632 3372; x_wconf 69' lang='grc' dir='ltr'><strong>ἀπολογήσομαι</strong></span> <span class='ocrx_word' id='word_1_163' title='bbox 654 3294 793 3374; x_wconf 73' lang='grc' dir='ltr'><strong>μάρτυροι</strong></span> <span class='ocrx_word' id='word_1_164' title='bbox 814 3295 865 3358; x_wconf 72' lang='lat' dir='ltr'><strong>nal</strong></span> <span class='ocrx_word' id='word_1_165' title='bbox 888 3293 1015 3361; x_wconf 70' lang='grc' dir='ltr'><strong>σύνδικον</strong></span> <span class='ocrx_word' id='word_1_166' title='bbox 1036 3297 1108 3372; x_wconf 73' lang='grc' dir='ltr'><strong><em>ὁμοῦ</em></strong></span> <span class='ocrx_word' id='word_1_167' title='bbox 1130 3296 1281 3361; x_wconf 72' lang='grc' dir='ltr'><strong><em>Πλάτωνα</em></strong></span> <span class='ocrx_word' id='word_1_168' title='bbox 1295 3319 1354 3360; x_wconf 79' lang='grc' dir='ltr'><strong><em>ποο-</em></strong></span> 
     </span>
    </p>

    <p class='ocr_par' dir='ltr' id='par_1_9' title="bbox 333 3410 513 3492">
     <span class='ocr_line' id='line_1_23' title="bbox 333 3410 513 3492; baseline 0.006 -18"><span class='ocrx_word' id='word_1_169' title='bbox 333 3410 513 3492; x_wconf 67' lang='lat' dir='ltr'><strong>praeduces.</strong></span> 
     </span>
    </p>

    <p class='ocr_par' dir='ltr' id='par_1_10' title="bbox 334 3528 1357 3827">
     <span class='ocr_line' id='line_1_24' title="bbox 382 3528 1357 3609; baseline 0.003 -17"><span class='ocrx_word' id='word_1_170' title='bbox 382 3531 456 3592; x_wconf 80' lang='lat'><strong>149.</strong></span> <span class='ocrx_word' id='word_1_171' title='bbox 491 3528 603 3594; x_wconf 67' lang='grc' dir='ltr'><strong><em>Ἰολάου</em></strong></span> <span class='ocrx_word' id='word_1_172' title='bbox 626 3528 752 3607; x_wconf 83' lang='grc' dir='ltr'><strong>τύμβος.</strong></span> <span class='ocrx_word' id='word_1_173' title='bbox 789 3529 921 3609; x_wconf 85' lang='lat' dir='ltr'><strong>Thebis,</strong></span> <span class='ocrx_word' id='word_1_174' title='bbox 947 3531 978 3595; x_wconf 92' lang='lat' dir='ltr'><strong>iu</strong></span> <span class='ocrx_word' id='word_1_175' title='bbox 1003 3529 1086 3595; x_wconf 89' lang='lat' dir='ltr'><strong>ludis</strong></span> <span class='ocrx_word' id='word_1_176' title='bbox 1105 3531 1219 3596; x_wconf 82' lang='lat' dir='ltr'><strong>dolaeis</strong></span> <span class='ocrx_word' id='word_1_177' title='bbox 1235 3531 1357 3596; x_wconf 91' lang='lat' dir='ltr'><strong>iisdem·</strong></span> 
     </span>
     <span class='ocr_line' id='line_1_25' title="bbox 334 3644 1354 3735; baseline 0.001 -25"><span class='ocrx_word' id='word_1_178' title='bbox 334 3667 394 3728; x_wconf 91' lang='lat' dir='ltr'><strong>que</strong></span> <span class='ocrx_word' id='word_1_179' title='bbox 424 3644 582 3709; x_wconf 87' lang='lat' dir='ltr'><strong>Heracleis</strong></span> <span class='ocrx_word' id='word_1_180' title='bbox 612 3645 719 3711; x_wconf 87' lang='lat' dir='ltr'><strong>dictis:</strong></span> <span class='ocrx_word' id='word_1_181' title='bbox 753 3646 813 3710; x_wconf 83' lang='lat' dir='ltr'><strong>fuit</strong></span> <span class='ocrx_word' id='word_1_182' title='bbox 843 3645 887 3711; x_wconf 92' lang='lat' dir='ltr'><strong>ibi</strong></span> <span class='ocrx_word' id='word_1_183' title='bbox 917 3648 1087 3732; x_wconf 89' lang='lat' dir='ltr'><strong>praemium</strong></span> <span class='ocrx_word' id='word_1_184' title='bbox 1110 3650 1209 3735; x_wconf 82' lang='lat' dir='ltr'><strong>tripes</strong></span> <span class='ocrx_word' id='word_1_185' title='bbox 1233 3670 1354 3713; x_wconf 87' lang='lat' dir='ltr'><strong>aeneus.</strong></span> 
     </span>
     <span class='ocr_line' id='line_1_26' title="bbox 334 3760 684 3827; baseline 0.006 -2"><span class='ocrx_word' id='word_1_186' title='bbox 334 3760 422 3826; x_wconf 79' lang='lat' dir='ltr'><strong>(loni.</strong></span> <span class='ocrx_word' id='word_1_187' title='bbox 446 3760 497 3826; x_wconf 92' lang='lat' dir='ltr'><strong>Ol.</strong></span> <span class='ocrx_word' id='word_1_188' title='bbox 521 3761 587 3826; x_wconf 83' lang='lat' dir='ltr'><strong>VII</strong></span> <span class='ocrx_word' id='word_1_189' title='bbox 611 3765 684 3827; x_wconf 79' lang='lat'><strong>154.</strong></span> 
     </span>
    </p>

    <p class='ocr_par' dir='ltr' id='par_1_11' title="bbox 332 3880 1356 4178">
     <span class='ocr_line' id='line_1_27' title="bbox 381 3880 1356 3967; baseline 0.004 -25"><span class='ocrx_word' id='word_1_190' title='bbox 381 3881 454 3943; x_wconf 82' lang='lat'><strong>150.</strong></span> <span class='ocrx_word' id='word_1_191' title='bbox 490 3880 632 3951; x_wconf 73' lang='grc' dir='ltr'><strong>Ἑλεοοίς.</strong></span> <span class='ocrx_word' id='word_1_192' title='bbox 667 3880 774 3945; x_wconf 86' lang='lat' dir='ltr'><strong>Ludos</strong></span> <span class='ocrx_word' id='word_1_193' title='bbox 804 3880 980 3946; x_wconf 85' lang='lat' dir='ltr'><strong>Eleusinios</strong></span> <span class='ocrx_word' id='word_1_194' title='bbox 1013 3882 1150 3947; x_wconf 88' lang='lat' dir='ltr'><strong>omnium</strong></span> <span class='ocrx_word' id='word_1_195' title='bbox 1182 3882 1356 3967; x_wconf 78' lang='lat' dir='ltr'><strong>antiquissi-</strong></span> 
     </span>
     <span class='ocr_line' id='line_1_28' title="bbox 332 3996 1353 4082; baseline 0.004 -23"><span class='ocrx_word' id='word_1_196' title='bbox 332 4018 398 4059; x_wconf 90' lang='lat' dir='ltr'><strong>mos</strong></span> <span class='ocrx_word' id='word_1_197' title='bbox 419 3996 525 4080; x_wconf 90' lang='lat' dir='ltr'><strong>ibique</strong></span> <span class='ocrx_word' id='word_1_198' title='bbox 548 3998 717 4082; x_wconf 87' lang='lat' dir='ltr'><strong>praemium</strong></span> <span class='ocrx_word' id='word_1_199' title='bbox 740 3999 873 4062; x_wconf 83' lang='lat' dir='ltr'><strong>farreum</strong></span> <span class='ocrx_word' id='word_1_200' title='bbox 891 3999 986 4063; x_wconf 85' lang='lat' dir='ltr'><strong>fuisse</strong></span> <span class='ocrx_word' id='word_1_201' title='bbox 1003 3998 1155 4064; x_wconf 88' lang='lat' dir='ltr'><strong>affirmant</strong></span> <span class='ocrx_word' id='word_1_202' title='bbox 1173 3998 1353 4064; x_wconf 88' lang='lat' dir='ltr'><strong>scholiastae</strong></span> 
     </span>
     <span class='ocr_line' id='line_1_29' title="bbox 333 4121 459 4178; baseline 0.016 -2"><span class='ocrx_word' id='word_1_203' title='bbox 333 4121 459 4178; x_wconf 88' lang='lat' dir='ltr'><strong>veteres.</strong></span> 
     </span>
    </p>

    <p class='ocr_par' dir='ltr' id='par_1_12' title="bbox 335 4231 1349 4428">
     <span class='ocr_line' id='line_1_30' title="bbox 379 4231 1349 4319; baseline 0.004 -26"><span class='ocrx_word' id='word_1_204' title='bbox 379 4232 453 4294; x_wconf 84' lang='lat'><strong>151.</strong></span> <span class='ocrx_word' id='word_1_205' title='bbox 487 4233 567 4310; x_wconf 77' lang='grc' dir='ltr'><strong>αὐτῷ</strong></span> <span class='ocrx_word' id='word_1_206' title='bbox 590 4231 772 4306; x_wconf 59' lang='lat' dir='ltr'><strong>acaciana</strong></span> <span class='ocrx_word' id='word_1_207' title='bbox 819 4232 983 4318; x_wconf 87' lang='lat' dir='ltr'><strong>Duplicern</strong></span> <span class='ocrx_word' id='word_1_208' title='bbox 1010 4234 1189 4319; x_wconf 86' lang='lat' dir='ltr'><strong>hujusmodi</strong></span> <span class='ocrx_word' id='word_1_209' title='bbox 1214 4234 1349 4298; x_wconf 85' lang='lat' dir='ltr'><strong>dativum</strong></span> 
     </span>
     <span class='ocr_line' id='line_1_31' title="bbox 335 4348 1145 4428; baseline 0.006 -18"><span class='ocrx_word' id='word_1_210' title='bbox 335 4357 417 4411; x_wconf 88' lang='lat' dir='ltr'><strong>amat</strong></span> <span class='ocrx_word' id='word_1_211' title='bbox 444 4348 613 4413; x_wconf 85' lang='lat' dir='ltr'><strong>Pindarus:</strong></span> <span class='ocrx_word' id='word_1_212' title='bbox 638 4350 718 4413; x_wconf 84' lang='lat' dir='ltr'><strong>conf.</strong></span> <span class='ocrx_word' id='word_1_213' title='bbox 742 4348 793 4413; x_wconf 93' lang='lat' dir='ltr'><strong>Ol.</strong></span> <span class='ocrx_word' id='word_1_214' title='bbox 818 4350 937 4428; x_wconf 79' lang='lat'>1128,</span> <span class='ocrx_word' id='word_1_215' title='bbox 963 4350 1046 4416; x_wconf 88' lang='lat' dir='ltr'><strong>VHI</strong></span> <span class='ocrx_word' id='word_1_216' title='bbox 1073 4354 1145 4415; x_wconf 83' lang='lat'><strong>109.</strong></span> 
     </span>
    </p>
   </div>
   <div class='ocr_carea' id='block_1_5' title="bbox 385 4467 1353 4557">
    <p class='ocr_par' dir='ltr' id='par_1_13' title="bbox 385 4467 1353 4557">
     <span class='ocr_line' id='line_1_32' title="bbox 385 4467 1353 4557; baseline 0.004 -29"><span class='ocrx_word' id='word_1_217' title='bbox 385 4468 459 4530; x_wconf 75' lang='lat'><strong>152.</strong></span> <span class='ocrx_word' id='word_1_218' title='bbox 494 4468 528 4531; x_wconf 76' lang='grc' dir='ltr'><strong>τὸ</strong></span> <span class='ocrx_word' id='word_1_219' title='bbox 558 4468 587 4533; x_wconf 75' lang='grc' dir='ltr'><strong>δὲ</strong></span> <span class='ocrx_word' id='word_1_220' title='bbox 617 4474 693 4552; x_wconf 76' lang='grc' dir='ltr'><strong>Φυᾷ.</strong></span> <span class='ocrx_word' id='word_1_221' title='bbox 729 4467 895 4554; x_wconf 89' lang='lat' dir='ltr'><strong>Postquam</strong></span> <span class='ocrx_word' id='word_1_222' title='bbox 927 4492 1039 4557; x_wconf 86' lang='lat' dir='ltr'><strong>magno</strong></span> <span class='ocrx_word' id='word_1_223' title='bbox 1062 4492 1189 4534; x_wconf 88' lang='lat' dir='ltr'><strong>numero</strong></span> <span class='ocrx_word' id='word_1_224' title='bbox 1213 4470 1353 4533; x_wconf 89' lang='lat' dir='ltr'><strong>victorias</strong></span> 
     </span>
    </p>
   </div>
   <div class='ocr_carea' id='block_1_6' title="bbox 0 0 1868 5542">
    <p class='ocr_par' dir='ltr' id='par_1_14' title="bbox 0 0 1868 5542">
     <span class='ocr_line' id='line_1_33' title="bbox 0 0 1868 5542; baseline 0 2"><span class='ocrx_word' id='word_1_225' title='bbox 0 0 1868 5542; x_wconf 95' lang='lat' dir='ltr'><strong> </strong></span> 
     </span>
    </p>
   </div>
  </div>
 </body>
</html>
