3725 5542
970 697 1034 757 408

493 892 600 954 fecisse
623 915 725 968 saera,
749 913 855 956 verum
878 893 1087 978 imprudentia
1109 893 1242 977 quadam
1264 894 1372 957 fecisse
1393 891 1508 955 casine

492 1010 580 1092 igue:
607 1011 749 1071 ire-89.
796 1008 920 1073 Favisse
942 1010 1005 1074 illis
1027 1011 1153 1088 Jovem,
1178 1019 1209 1074 et
1232 1033 1338 1074 omnes
1361 1019 1442 1073 artes
1457 1029 1509 1072 eoa

493 1127 634 1189 docuisse
657 1126 845 1189 Minervam:
871 1129 1014 1190 89-99.
1062 1128 1109 1191 De
1132 1127 1204 1191 Sole
1226 1133 1349 1190 vetuata
1364 1126 1509 1200 narratio,

493 1242 648 1328 quomodo
676 1241 747 1319 ille,
772 1264 867 1326 quum
892 1251 991 1306 terrae
1014 1243 1225 1306 dividerentur
1248 1243 1334 1319 Diis,
1359 1241 1508 1316 abluerit,

493 1381 602 1422 novam
633 1381 705 1421 vero
734 1359 926 1451 sortitionem
956 1359 1025 1422 lieri
1051 1359 1200 1434 vetuerit,
1224 1358 1344 1442 sibique
1367 1355 1512 1422 sumserit

493 1475 595 1538 adhim
625 1475 717 1538 undis
745 1474 886 1539 obrutam
917 1477 970 1539 aed
985 1497 1065 1572 *mox
1087 1477 1273 1540 nescituram
1297 1473 1442 1538 Rhodum
1465 1475 1509 1538 in·

491 1592 605 1655 aulam:
642 1594 827 1655 loc-126.
872 1591 1022 1656 Nascitur
1050 1593 1122 1656 illa:
1153 1613 1190 1654 ex
1222 1614 1258 1655 ea
1288 1599 1428 1676 procreat
1457 1589 1509 1652 Sol

492 1717 609 1791 septem
632 1707 729 1770 filios:
754 1729 886 1793 quorum
910 1710 1071 1794 progenies
1093 1709 1269 1793 tripartita,
1291 1707 1434 1792 Jalysns,
1455 1705 1512 1769 Oa·

491 1824 605 1899 mirus,
629 1822 767 1900 Lindus,
790 1825 946 1907 regionem
969 1823 1098 1888 habuit:
1126 1825 1312 1887 lei-140.
1358 1822 1408 1886 Ibi
1430 1822 1512 1886 inve·

492 1939 573 2002 nisae
612 1938 825 2022 Tlepolemum
862 1939 1141 2024 compensationem
1173 1939 1341 2016 malorum,
1373 1947 1405 2002 et
1434 1938 1512 2001 facta

492 2056 539 2119 illi
570 2057 651 2120 sicut
682 2055 749 2120 Deo
779 2056 859 2121 lieri:
895 2057 1082 2120 lar-146.
1129 2055 1280 2140 Diagorae
1310 2053 1404 2118 iniis
1427 2055 1511 2118 festia

491 2171 651 2235 victoriaez
686 2173 748 2237 147
759 2221 770 2249 ,
803 2175 877 2236 148.
922 2171 1071 2257 Ejusdem
1103 2172 1180 2235 aliae
1211 2172 1356 2236 victoriae
1378 2169 1511 2235 multae:

497 2289 684 2350 148-159.
707 2287 817 2352 Precea
840 2288 880 2351 ad
902 2288 1011 2352 Jovem
1032 2289 1070 2352 de
1086 2288 1202 2352 honore
1218 2288 1385 2373 Diagorae:
1405 2289 1513 2349 159-

495 2406 569 2467 170.
617 2403 664 2467 De
686 2405 753 2489 ejua
776 2413 885 2488 geute:
912 2407 1100 2471 riu-175.

542 2639 570 2700 1.
606 2637 908 2701 Praoetantissimum
935 2637 1094 2702 exordium
1117 2638 1268 2723 exquisita
1284 2637 1511 2722 comparatione

494 2755 729 2838 deacriptionem
752 2752 847 2817 habet
868 2755 981 2818 amoris
1004 2762 1036 2818 et
1058 2754 1306 2830 benevolentiae,
1330 2775 1393 2836 qna
1416 2752 1513 2816 Poeta

493 2873 624 2934 victores
656 2871 869 2954 prosequitur,
901 2879 932 2934 et
955 2870 1144 2934 incredibilia
1167 2870 1400 2946 oblectamenti,
1426 2867 1510 2954 quod

494 2987 557 3050 illis
584 3009 642 3049 sua
664 2986 799 3051 carmina
821 2986 998 3070 praebeant.
1045 2985 1187 3068 Ἀφνειὰν
1211 2986 1346 3070 appellat
1368 3007 1509 3062 manum,

495 3125 559 3189 qua
580 3113 686 3187 patera
707 3102 840 3166 donetur
863 3127 881 3167 a
903 3125 1029 3180 socero,
1047 3103 1262 3167 liberalitatem
1278 3111 1309 3166 et
1324 3103 1513 3187 opulentiam

495 3221 689 3305 significans:
718 3243 798 3304 qnae
820 3221 1010 3305 comparatio
1032 3231 1135 3286 tamen
1159 3223 1204 3284 ita
1226 3220 1265 3284 ad
1288 3241 1426 3286 aucarum
1450 3243 1517 3305 per·

496 3339 592 3414 tinet,
624 3346 660 3401 ut
689 3345 799 3422 sponte
830 3338 924 3403 etiam
956 3338 996 3401 ad
1024 3338 1150 3402 Poetam
1182 3339 1348 3416 referatur,
1372 3339 1511 3422 quinon

496 3478 607 3539 parvus
634 3454 772 3518 difficilia
801 3463 943 3538 poemata
972 3463 1104 3539 pangat,
1129 3454 1183 3518 aed
1207 3455 1303 3519 divite
1326 3477 1403 3518 vena
1426 3456 1511 3539 larga

496 3571 591 3635 donet
612 3571 756 3635 carmina
793 3570 909 3635 Verum
932 3572 964 3635 id
990 3579 1055 3635 arte
1078 3594 1135 3635 sua
1157 3572 1267 3636 eximia
1290 3571 1442 3636 Pindarus
1464 3571 1510 3636 in·

496 3688 579 3751 dicat
593 3689 691 3772 magia
705 3709 797 3772 quam
811 3696 914 3772 aperte
925 3689 1185 3772 comparationem
1196 3687 1352 3752 onerando
1363 3687 1508 3752 declarat.

542 3808 572 3868 2.
607 3805 668 3869 alal
699 3806 807 3885 χειρός.
840 3803 915 3868 Non
950 3826 1020 3869 cum
1054 3806 1126 3869 ἑλὼν
1161 3805 1409 3890 conjungendum
1444 3811 1509 3881 eat,

497 3945 602 3986 verum
626 3944 696 3986 cum
718 3923 883 4002 δωρήσεται.
918 3923 1118 4007 Participium
1141 3923 1211 3986 ἑλὼν
1234 3921 1326 3987 verbo
1353 3923 1509 4003 δωρήσεται

497 4039 637 4103 additum
668 4049 715 4104 eat
745 4041 835 4124 copia
864 4039 998 4123 quadam
1028 4041 1193 4116 orationis,
1221 4039 1356 4104 Homero
1378 4041 1510 4104 maxime

497 4155 637 4239 propria:
661 4156 748 4220 velut
769 4155 808 4218 Il.
832 4155 850 4218 I
876 4159 938 4220 lec
962 4155 1024 4231 ἄξω
1048 4157 1135 4222 ἑλών·
1161 4159 1223 4220 301

625 4280 681 4334 τῶν
702 4274 753 4336 οὐκ
774 4270 812 4334 ἄν
834 4297 863 4335 τι
886 4273 982 4351 Olmie
1005 4275 1113 4336 ἀνελὼν
1135 4274 1267 4344 ἀέκοντος
1290 4275 1383 4349 isacio*

497 4388 536 4454 Il.
561 4387 609 4450 IX
633 4390 698 4450 216
721 4395 800 4453 σῖτον
823 4389 894 4454 ἑλὼν
913 4389 1046 4466 ἐπένειμε
1061 4389 1200 4471 τραπέζῃ.
1234 4389 1323 4454 Coni.
1340 4389 1379 4452 Il.
1397 4389 1511 4454 XXIII
