3725 5542
985 721 1050 782 884

512 922 596 987 aliud
619 922 791 1008 exemplum
813 942 876 986 non
898 923 982 988 novi.
1006 920 1241 1002 Quodammodo
1260 929 1362 988 111111
1378 925 1519 988 convenit

513 1042 607 1128 Soph.
630 1041 707 1106 Oed.
732 1041 799 1106 col.
824 1043 884 1108 741

449 1157 453 1166 ’
581 1147 584 1152 ’
822 1164 883 1232 τὶς
905 1159 1206 1236 deliciosissimis

666 1285 756 1344 καλεῖ
773 1277 902 1351 deduc,
926 1280 959 1342 ἔκ
981 1277 1010 1342 δὲ
1032 1285 1087 1343 τῶν
1110 1277 1234 1355 μάλιστ’
1256 1279 1324 1356 ἐγώ.

557 1401 611 1462 43.
645 1397 808 1478 στεφάνους
829 1395 958 1474 δέξοιντο.
992 1395 1138 1462 Similiter
1160 1399 1224 1482 ipse
1246 1397 1429 1464 Pherenicus
1446 1399 1517 1464 Hie-

510 1519 594 1582 111111
617 1538 714 1600 equam
735 1538 861 1580 coronas
884 1518 1036 1601 accepisse
1059 1515 1172 1581 dicitnr
1194 1515 1249 1601 Py.
1272 1515 1325 1581 III
1351 1520 1424 1582 lea.

555 1639 609 1700 46.
645 1635 755 1700 Pitana
784 1635 935 1700 Laconico
965 1635 1038 1700 urbs
1061 1657 1132 1699 cum
1154 1635 1221 1720 ipsa
1243 1635 1352 1720 Sparta
1374 1659 1518 1700 memora·

511 1769 563 1820 tur
585 1755 692 1840 Eurip.
714 1754 785 1820 Tro.
812 1757 907 1818 1101.
940 1753 987 1819 Of.
1012 1753 1127 1818 Herod.
1151 1753 1203 1818 III
1228 1757 1280 1818 55.
1327 1755 1518 1820 mistura

510 1875 541 1939 in
572 1873 716 1951 Aeolide,
748 1872 786 1937 de
816 1895 878 1957 qna
907 1871 1017 1938 Strabo
1043 1871 1080 1937 L.
1103 1871 1187 1938 ΧΙΠ
1211 1897 1240 1959 p.
1266 1875 1347 1950 614,
1372 1883 1403 1938 11
1425 1873 1515 1952 alibi,

510 2005 542 2059 et
570 1993 677 2079 steph.
708 1993 905 2077 Byzantinus.
952 1991 1053 2057 Etiam
1084 1991 1214 2056 Pitanen
1244 1991 1343 2056 Elidis
1369 2001 1518 2058 memoret

509 2111 618 2176 Strabo
640 2111 676 2174 L.
701 2110 784 2175 VIII
807 2113 882 2175 348.
905 2109 966 2174 Sed
990 2119 1070 2176 certe
1094 2111 1186 2174 sitnm
1209 2109 1248 2174 ad
1270 2109 1418 2175 Eurotam
1437 2133 1514 2189 non,

507 2231 539 2296 id
570 2230 654 2315 qnod
684 2229 850 2294 scholiasta
875 2237 964 2294 retus
987 2229 1069 2307 vult,
1092 2228 1206 2294 idcirco
1228 2228 1381 2292 Pindarus
1403 2229 1516 2313 signiti-

509 2351 608 2427 carit,
641 2359 678 2412 ut
710 2347 862 2412 Laconica
896 2347 1006 2412 Pitana
1039 2347 1077 2410 ab
1109 2347 1234 2412 Aeolica
1248 2347 1513 2432 distingueretur.

510 2468 578 2532 Hoc
601 2475 703 2531 autem
726 2468 793 2531 loco
815 2466 942 2530 heroine
964 2465 1167 2550 significatur,
1199 2465 1250 2529 cni
1272 2465 1333 2530 fuit
1353 2465 1407 2530 ille
1430 2465 1515 2530 locus

510 2587 710 2673 cognominis.
733 2586 856 2651 Dicitur
878 2609 897 2649 a
918 2584 1090 2648 scholiastis
1114 2583 1267 2648 veteribus
1290 2607 1326 2649 11
1345 2583 1408 2649 lilia
1422 2585 1516 2649 fuisse

508 2707 659 2800 Eurotae:
682 2704 817 2790 reliquae
840 2704 932 2790 hujus
956 2703 1076 2768 fabulae
1099 2711 1200 2788 partes
1220 2704 1294 2768 satis
1310 2725 1347 2768 ex
1362 2705 1429 2789 ipso
1445 2703 1517 2768 Pin·

505 2826 579 2889 daro
602 2825 836 2909 intelliguntur:
861 2823 918 2886 hoc
942 2823 1093 2886 nnumin
1116 2821 1233 2886 scholio
1255 2823 1422 2887 recentiore
1441 2822 1514 2908 legi·

505 2969 592 3022 mus,
622 2944 716 3008 filiam
746 2966 851 3007 recens
881 2951 983 3006 natam
1016 2964 1035 3006 1
1064 2941 1173 3006 Pitane
1203 2942 1297 3006 inisse
1327 2943 1511 3027 expositam,

504 3064 557 3129 sed
588 3063 626 3128 ab
657 3066 777 3149 Aepyto
806 3063 961 3126 inventam
992 3075 1023 3125 et
1045 3059 1221 3126 educatam:
1247 3082 1351 3125 rernm
1374 3071 1511 3125 ornatam

503 3207 568 3248 1111
591 3207 608 3246 1
630 3182 764 3247 Pindaro
787 3180 930 3246 fabulam.

548 3305 601 3367 47.
635 3305 665 3367 ἐν
687 3299 753 3383 ὥρᾳ.
789 3299 905 3364 Herod.
930 3299 946 3363 Ι
970 3298 1018 3364 31.

549 3424 601 3484 51.
633 3421 786 3500 eaproter
808 3420 903 3483 ὠδῖνι.
936 3417 1028 3482 111111
1047 3416 1191 3482 videntur
1205 3417 1386 3482 scholiastae
1401 3418 1510 3482 referre

503 3562 556 3618 eo,
587 3539 669 3625 qnod
701 3540 786 3624 virgo
816 3562 881 3603 esse
912 3537 1012 3602 adhuc
1044 3537 1195 3602 videretur
1226 3544 1257 3601 11
1284 3536 1377 3601 videri
1400 3537 1509 3602 vellet:

502 3681 688 3744 quamquam
719 3659 810 3722 etiam
842 3657 879 3722 de
911 3657 1009 3742 primo
1041 3665 1130 3742 partu
1161 3656 1221 3720 dici
1244 3663 1354 3741 potest
1401 3659 1510 3722 Ὠδῖνοι

501 3777 540 3842 dc
562 3778 629 3862 ipso
652 3778 737 3841 foetu
761 3778 851 3842 etiam
876 3777 967 3841 habet
992 3775 1174 3860 Euripides:
1197 3775 1258 3839 Jon
1281 3779 1324 3839 44

765 3895 856 3969 εἴτις
880 3897 1035 3973 drewes
1057 3897 1146 3971 elain
1169 3895 1234 3976 κόρη

700 4017 833 4096 λαθραῖον
855 4015 927 4080 uns·
951 4017 980 4087 ἐς
1003 4017 1064 4079 θεοῦ
1088 4015 1170 4094 §ldae
1193 4013 1287 4091 δόμον.

503 4135 585 4198 1487

744 4253 856 4333 δεκάτῳ
878 4254 908 4318 δέ
929 4278 964 4318 σε
986 4253 1073 4330 μηνὸς
1095 4255 1125 4317 ἐν
1147 4253 1243 4331 κύκλῳ

603 4415 611 4430 ·
742 4372 861 4454 κου’λφών
881 4375 915 4447 γ’
937 4372 1008 4435 ὠδῖν’
1030 4373 1125 4436 ἔτεκον
1151 4370 1256 4451 Φοίβῳ.

544 4493 596 4556 51.
630 4493 713 4572 mole
734 4491 761 4556 δ’
782 4493 914 4570 1111111.
948 4489 1053 4575 Eurip.
1077 4489 1138 4554 Jon
1165 4492 1206 4555 14
