3725 5542
962 729 1026 791 ³80

480 930 691 1016 Stymphalos.
733 927 776 992 Et
798 928 837 993 ab
861 928 920 992 hoo
943 927 1071 1012 Cyllene
1093 927 1177 992 Elati
1200 927 1265 991 filio
1288 949 1376 992 mona
1399 927 1499 1013 Cyllo·

480 1051 551 1113 uiuo
574 1069 686 1112 nomen
710 1047 839 1123 habuit,
863 1068 881 1110 u
903 1047 997 1111 fratre
1020 1048 1086 1131 ejus
1110 1045 1291 1131 Stymphulo
1311 1047 1385 1111 urba
1400 1045 1499 1130 Stym-

480 1164 593 1250 phalue
612 1174 644 1228 et
662 1164 748 1229 laeuo
765 1163 902 1249 ejusdem
924 1163 1068 1228 nominis.
1092 1162 1167 1228 Fuit
1177 1171 1281 1227 autem
1292 1165 1404 1227 Auouia
1416 1163 1498 1227 filiua

481 1281 597 1360 Clitor,
625 1281 814 1366 Aphidantia
837 1280 943 1346 Aleua.
978 1280 1078 1346 Clitor
1100 1301 1196 1365 quum
1216 1282 1282 1345 eine
1303 1281 1387 1366 prole
1399 1279 1500 1345 deeea·

481 1402 588 1477 eiaaet,
619 1405 721 1464 totum
751 1421 883 1483 regnum
912 1399 1064 1463 Aroediae
1095 1399 1211 1484 aooepit
1241 1400 1398 1483 Aepytus:
1427 1397 1500 1463 huie

481 1538 553 1581 vero
575 1524 698 1582 mortuo
720 1516 868 1581 auooeeeit
890 1517 984 1581 frater
1007 1515 1156 1601 patruelis
1180 1516 1291 1594 Alena,
1308 1523 1417 1600 utpote
1432 1536 1500 1601 pro-

480 1632 550 1718 pior
570 1634 610 1698 ob
632 1633 751 1698 Areade
774 1653 867 1717 quam
889 1633 946 1697 filii
971 1635 1094 1718 Aepyti.
1117 1631 1156 1698 L.
1180 1631 1264 1696 vm
1287 1631 1322 1696 0.
1346 1630 1404 1696 Π.

526 1751 722 1836 Quamquam
753 1773 826 1836 ergo
856 1751 955 1835 ipsius
986 1749 1163 1816 Phaeaauee
1194 1751 1274 1814 uitus
1303 1770 1367 1814 nou
1399 1755 1500 1834 potest

483 1878 624 1933 aeourate
655 1868 794 1946 definiri,
825 1875 930 1932 tamen
953 1888 1021 1932 eum
1043 1867 1083 1932 od
1107 1867 1264 1953 Alpheum
1288 1867 1379 1930 sitam
1401 1866 1499 1930 fuisse

483 2007 521 2049 ea
560 1985 694 2050 Pindaro
734 1995 878 2070 apparet,
920 1993 951 2049 et
986 1984 1097 2049 idonea
1135 2006 1227 2049 eausa
1261 2005 1326 2048 ease
1359 1982 1497 2060 ridetur,

483 2124 539 2168 our
572 2124 640 2168 eam
673 2103 884 2168 existimemus
917 2104 951 2166 in
981 2102 1114 2167 Aroedia
1144 2123 1239 2187 prope
1270 2099 1404 2184 origines
1435 2101 1500 2185 ejus

483 2221 572 2285 fluvii
601 2221 714 2285 iuiaae:
745 2242 819 2305 ergo
849 2221 922 2284 satio
952 2227 1101 2284 remotam
1133 2242 1152 2284 a
1180 2219 1321 2304 Cyllenio
1342 2225 1447 2282 moute
1469 2224 1500 2281 et

484 2337 555 2401 luou
577 2335 768 2422 Stymphalo.
792 2335 909 2402 Verum
931 2339 1072 2423 Aepytus
1091 2338 1196 2418 tropeo
1211 2335 1357 2416 Ἀρκαδων
1370 2333 1499 2411 dama,

485 2452 659 2518 Arcadibus
681 2454 859 2539 imperavit:
887 2476 978 2539 ergo,
1003 2475 1190 2538 quemquam
1214 2452 1383 2518 habitantia
1405 2450 1501 2516 Phue-

485 2592 594 2649 mnae,
628 2579 731 2636 tamen
764 2571 928 2657 imperium
963 2573 1030 2658 ejus
1060 2593 1122 2637 nou
1153 2571 1239 2636 illiue
1270 2570 1356 2635 urbis
1387 2567 1501 2634 finibus

485 2688 684 2753 terminatum
698 2687 752 2753 aed
769 2711 824 2774 per
838 2688 1001 2754 Arcadiam
1018 2690 1079 2753 lete
1095 2690 1164 2754 fuit.
1191 2689 1267 2754 June
1283 2710 1357 2773 ergo
1371 2686 1412 2751 od
1423 2685 1501 2750 illud

485 2808 575 2871 otium
607 2805 734 2892 Cyllene
763 2816 796 2871 et
821 2806 1022 2892 Stymphalon
1046 2807 1236 2871 referuntur:
1262 2827 1361 2891 eoque
1383 2804 1500 2888 magia,

484 2925 512 2987 ai
534 2922 573 2988 ad
597 2925 710 3009 Aepyti
731 2931 855 3008 gentem
877 2924 985 2988 fratres
1004 2945 1126 3009 quoque
1142 2924 1208 3008 ejus
1224 2923 1409 3008 pertinuisse
1425 2921 1502 2986 exia-

485 3041 648 3118 timemur,
681 3041 795 3125 quibus
827 3039 953 3127 quidem
977 3040 1022 3105 ita
1043 3040 1098 3105 illa
1121 3039 1189 3105 loon
1211 3040 1336 3126 proprio
1358 3038 1502 3114 fuerunt,

486 3165 525 3224 ut
546 3159 638 3223 etiam
661 3159 787 3224 nomino
808 3158 847 3224 ab
870 3159 909 3221 iio
931 3159 1114 3243 acceperint.
1150 3160 1254 3242 Atque
1277 3157 1505 3241 Aepytitumu-

485 3274 551 3351 lue,
575 3276 715 3346 Λῖτύτιος
739 3275 872 3352 τύμβος,
896 3283 1083 3339 memoratur
1103 3274 1142 3339 ob
1158 3273 1294 3338 Homero
1310 3293 1406 3358 prope
1420 3292 1506 3337 mou·

485 3399 550 3455 tem
572 3389 766 3476 Cyllenium,
790 3391 830 3455 ss.
854 3390 890 3454 Π
913 3394 988 3455 604.
1029 3391 1140 3475 Itaque
1162 3390 1250 3456 nulle
1273 3389 1312 3454 ad
1334 3388 1505 3454 Pindarum

487 3506 724 3592 intelligendum
747 3515 844 3572 restat
866 3507 1031 3573 difficultas
1054 3508 1269 3594 geographiae.
1309 3507 1380 3571 Hoc
1402 3516 1505 3571 tamen

487 3625 726 3710 intelligendum
755 3635 821 3703 est,
851 3626 993 3706 μάτρωας
1024 3625 1129 3707 ἄνδρας
1160 3627 1291 3711 Ageriae
1313 3647 1348 3690 vs
1373 3627 1436 3690 130
1461 3625 1507 3689 ita

488 3741 569 3820 uici,
592 3743 667 3827 quia
688 3740 817 3806 Erudne
839 3741 878 3808 ab
900 3745 1023 3828 Aepyto
1046 3743 1177 3808 educata
1199 3751 1231 3806 et
1252 3742 1342 3828 quasi
1361 3741 1507 3827 adoptata

488 3860 601 3936 tuerit,
633 3859 740 3942 ibique
761 3867 853 3924 nmua
876 3861 943 3946 ejus
966 3860 1049 3925 filiun
1070 3860 1198 3925 Jomuo:
1221 3858 1414 3924 Jumidarum
1436 3879 1507 3923 rero

489 3985 612 4061 gentem
635 3976 722 4041 Elidi
743 3976 892 4043 vindicari
915 3985 1041 4064 propter
1056 3979 1198 4043 Pisaeum
1216 3999 1321 4042 eorum
1336 3976 1507 4042 oraculum.

535 4097 588 4158 60.
623 4095 797 4160 κλέπτοισα.
832 4095 942 4181 Eurip.
965 4095 1026 4160 Jon
1051 4099 1116 4160 946

622 4208 690 4296 κᾷτ’
712 4210 878 4293 ἐξέκλεψας
902 4219 964 4285 τῶς
987 4213 1173 4282 ’Λπόλλωνος
1195 4213 1323 4290 γάμους.

536 4329 590 4390 66.
626 4327 700 4409 περ’.
735 4327 797 4393 Pro
820 4330 894 4410 περὶ.
930 4328 1023 4394 Hom.
1048 4328 1108 4394 Od.
1133 4327 1162 4390 V
1187 4330 1251 4392 398

602 4442 639 4516 ὣς
662 4445 781 4520 Ὀδυσῆ’
805 4447 962 4512 ἀσπαστὸν
984 4447 1099 4512 ἐείσατο
1120 4455 1198 4524 γαῖα
1221 4445 1270 4510 καὶ
1294 4443 1367 4520 ὕλη·
