3725 5542
990 718 1031 777 M

501 928 609 1003 potest.
658 916 738 981 Nem
762 918 849 980 adest
874 915 1027 1001 Apollinis
1052 914 1213 979 oraculum
1233 916 1328 980 Bstto
1347 918 1380 981 in
1400 918 1520 1001 Cyrene

499 1035 672 1112 condenda,
688 1035 712 1118 ¹)
735 1048 767 1099 et
785 1033 871 1098 dedit
887 1035 951 1119 jam
972 1033 1045 1098 olim
1064 1033 1176 1117 aliquis
1196 1034 1282 1098 Deus
1301 1058 1368 1098 eam
1388 1035 1521 1099 conden-

499 1155 570 1218 dam
602 1153 800 1235 heroibus‚¹)
832 1160 862 1215 et
893 1159 1011 1215 mentes
1038 1152 1164 1216 heroum
1189 1152 1303 1216 excitat
1324 1153 1410 1217 Juno
1432 1153 1519 1217 navis

500 1276 602 1356 Argus
635 1293 753 1348 amore,
780 1278 815 1334 ut
842 1269 890 1333 vel
918 1292 987 1333 cum
1012 1270 1119 1333 mortis
1142 1269 1280 1355 periculo
1303 1271 1519 1357 pulcerrimum

498 1390 656 1453 inveniant
678 1411 749 1452 eum
770 1386 951 1472 aequalibus
972 1409 1046 1451 suae
1066 1388 1191 1451 virtutis
1210 1388 1306 1465 viam,
1320 1388 1344 1473 ⁸)
1367 1397 1398 1453 et
1413 1388 1519 1453 docuit

497 1508 598 1593 Cypro
622 1508 725 1592 genitu
751 1506 816 1570 Des
838 1506 985 1569 Jasonem
1008 1504 1171 1569 incendere
1194 1505 1336 1570 Medeam
1360 1529 1463 1570 amore
1486 1516 1518 1570 et

498 1625 537 1689 sd
561 1626 652 1690 finem
677 1626 833 1709 pervenire
856 1625 1070 1688 certaminum.
1083 1627 1113 1706 ⁴)

542 1743 685 1807 Potentia
700 1764 770 1807 vero
787 1741 923 1806 Deorum
936 1741 1028 1825 longe
1039 1741 1172 1804 maxims
1183 1750 1215 1805 et
1225 1743 1410 1806 immensum
1421 1764 1517 1825 qnan-

498 1870 565 1926 tum
594 1861 731 1945 superior
755 1859 899 1923 hnmanis
923 1857 1039 1922 viribus
1064 1859 1096 1921 in
1120 1858 1237 1921 auxilio
1261 1880 1385 1943 quoqne
1409 1882 1515 1923 eorum

499 1988 562 2043 tam
590 1978 755 2063 conspicua
778 1986 825 2042 est
848 1999 940 2063 quam
964 1978 995 2039 in
1020 1976 1164 2041 vindicta.
1208 1975 1276 2039 Diis
1299 1976 1519 2061 adjuvantibus

500 2096 577 2160 nihil
602 2094 784 2159 mortalibus
807 2094 949 2158 arduum.
989 2094 1129 2157 Accessit
1151 2093 1190 2157 ad
1213 2092 1429 2177 Hyperboreos
1448 2094 1519 2158 Per-

499 2238 569 2279 seus
589 2214 804 2297 interfecitque
824 2212 1000 2296 Gorgonem
1022 2221 1052 2275 et
1073 2211 1195 2296 insigne
1215 2212 1409 2297 serpentibus
1425 2222 1519 2297 eaput

499 2332 643 2408 abstulit;
668 2331 750 2416 quod
774 2330 925 2416 lapideam
950 2337 1078 2393 mortem
1099 2329 1223 2393 ferebat.
1260 2330 1450 2394 Difficillime
1468 2353 1517 2395 res

500 2460 531 2515 et
553 2448 759 2515 incredibilis:
785 2447 839 2511 scd
862 2446 1003 2511 Minerva
1026 2446 1162 2532 adjuvit:

702 2566 765 2643 ἐμοὶ
788 2566 817 2629 a
840 2563 992 2642 θαυμάσαι

701 2685 767 2749 θεῶν
790 2682 975 2747 τελεσάντων

701 2802 779 2869 οὐδέν
802 2825 873 2865 ποτε
889 2802 1031 2881 φαίνεαι
1056 2801 1150 2877 ἔμμεν
1173 2802 1309 2866 ἄπιστον.

500 2922 570 2986 Diis
593 2920 812 3003 perficientibus
841 2919 913 2982 miti
941 2919 1018 2982 nihil
1038 2940 1166 3002 unquam
1188 2918 1302 2982 videtur
1325 2920 1436 2981 miratu
1458 2942 1519 2982 eece

499 3038 677 3104 incredibile.
694 3036 718 3120 ὅ)

975 3275 1045 3357 ss.

931 3510 979 3572 De
1002 3508 1089 3572 Fato.

546 3746 614 3811 Fati
648 3746 829 3811 necessitste
860 3746 940 3810 nihil
971 3746 1097 3811 Graecis
1128 3748 1227 3830 majus
1259 3745 1328 3809 luit.
1376 3747 1521 3809 Attamen

503 3865 642 3930 Deorum
674 3866 720 3928 vis
751 3874 782 3929 et
814 3864 957 3929 voluntas
991 3865 1083 3949 longe
1114 3864 1306 3949 frequentius
1337 3863 1524 3928 laudatura

500 3984 636 4048 Pindaro
660 4006 750 4068 quam
776 3984 843 4048 Fati
868 3983 1052 4048 necessitas:
1079 4005 1152 4060 nec,
1176 3984 1203 4047 si
1222 3984 1298 4047 haec
1316 3994 1523 4061 memoratur,

502 4102 636 4167 Deorum
666 4102 738 4167 inde
767 4102 911 4188 dignitati
935 4102 1109 4166 deminutio
1132 4101 1176 4164 fit.
1223 4100 1301 4165 Fato
1324 4108 1390 4165 erat
1412 4101 1525 4164 consti·

534 4390 686 4449 Dhffl
809 4388 953 4449 mh&
1075 4387 1235 4448 ἣῆΜ.
1356 4384 1520 4447 „hwa

537 4484 731 4550 DQLW
