3725 5542
999 690 1039 755 16

503 892 589 971 Ἥρη·
605 894 628 977 ¹)
662 892 776 978 decipit
798 892 924 971 lovem,
949 902 986 957 ut
1008 895 1106 978 possit
1127 893 1296 979 Neptunus
1319 893 1352 960 in
1375 896 1525 982 proelium

504 1010 657 1095 proficisci
688 1018 719 1074 et
749 1008 877 1074 Achivis
908 1010 1024 1076 adesse.
1070 1011 1132 1075 Sed
1162 1012 1246 1097 apud
1270 1012 1439 1079 Pindarum
1463 1038 1527 1079 non

504 1148 575 1191 cum
599 1126 723 1211 proeliis
745 1126 924 1190 mortalium
947 1148 1004 1190 nec
1026 1125 1190 1191 discordiis
1213 1128 1356 1212 dolisque
1379 1130 1524 1208 deorum,

503 1242 557 1306 sed
580 1264 651 1307 cum
675 1244 808 1307 civitatis
830 1252 902 1307 ortu
926 1252 957 1307 et
980 1266 1068 1307 sacro
1090 1246 1202 1328 pioque
1218 1245 1356 1310 Deorum
1371 1246 1460 1310 cultu
1476 1270 1525 1311 res

503 1362 670 1445 conjuncta
701 1369 756 1425 est.
805 1360 873 1425 Hoc
905 1382 1008 1426 amore
1036 1362 1190 1446 Apollinis
1214 1362 1368 1447 cyrenae,
1391 1365 1525 1450 inclytae

504 1478 627 1541 Africae
650 1478 801 1555 civitatis,
826 1479 912 1562 origo
935 1487 1112 1543 consecrata
1133 1489 1165 1543 et
1187 1480 1226 1543 ad
1250 1480 1350 1545 Deum
1366 1492 1523 1546 auctorem

502 1595 600 1659 relatu
622 1605 683 1673 est,
708 1596 795 1659 etin
818 1595 924 1659 eodem
954 1596 1112 1681 religionis
1135 1596 1260 1661 initium
1284 1600 1437 1682 positum,
1461 1621 1524 1683 qua

503 1713 706 1777 clarissimum
728 1713 850 1776 Africae
869 1713 1058 1797 praesidem,
1071 1714 1135 1777 sive
1146 1712 1167 1775 J
1168 1736 1254 1778 ovem
1267 1715 1315 1778 vel
1327 1715 1521 1799 Apollinem,

502 1831 566 1894 sive
581 1831 757 1893 Aristaeum
774 1829 983 1915 appellatum,
998 1830 1041 1914 pii
1053 1829 1193 1894 homines
1204 1831 1381 1895 adorarunt.
1406 1831 1523 1915 Magna

503 1948 546 2010 rei
576 1947 726 2030 gravitas:
759 1945 812 2009 sed
844 1969 900 2029 par
930 1936 1057 2009 Pindari
1087 1947 1204 2011 virtus:
1236 1957 1272 2011 ut
1302 1948 1335 2011 in
1366 1948 1521 2033 Apollinis

502 2084 605 2127 amore
628 2062 779 2126 narrando
803 2063 841 2127 ab
864 2063 931 2147 ipso
956 2062 1102 2147 Apolline
1124 2085 1270 2127 numeros
1293 2088 1365 2128 enm
1379 2073 1412 2128 et
1428 2064 1521 2128 verba

503 2180 616 2243 dixeris
639 2179 800 2265 accepisse.

545 2296 693 2360 Similiter
726 2318 862 2381 propago
897 2296 998 2379 gentis
1031 2296 1202 2361 Locrorum
1232 2297 1414 2361 fortissimae
1448 2319 1520 2361 con·

501 2422 617 2478 sacrata
639 2414 710 2476 Jovi
732 2420 788 2477 est.
835 2412 915 2477 Nam
940 2413 1005 2477 dua
1027 2412 1191 2498 Olympius
1215 2414 1308 2477 liliam
1327 2412 1464 2499 Opuntis
1480 2436 1517 2477 ex

501 2529 658 2614 Epeorum
680 2530 804 2613 regione
826 2531 932 2614 rapuit
954 2538 986 2593 et
1008 2552 1079 2594 cum
1102 2552 1139 2593 ea
1160 2532 1193 2593 in
1217 2530 1369 2594 Maenalis
1384 2530 1516 2594 saltibus

501 2649 590 2730 coiit,
607 2656 638 2711 et
650 2647 779 2711 adduxit
791 2670 856 2711 eam
869 2646 908 2710 ad
920 2646 1070 2725 Locrum,
1088 2669 1127 2712 ne
1137 2647 1192 2711 ille
1207 2648 1302 2732 prolis
1317 2671 1424 2732 expers
1441 2670 1514 2711 aevo

501 2766 729 2849 defungeretur.
754 2764 873 2829 Habuit
896 2788 1000 2829 semen
1023 2766 1191 2829 mammum
1214 2787 1309 2842 uxor,
1329 2767 1516 2849 gavisusque

500 2892 547 2947 est
570 2883 660 2947 heros
683 2884 790 2947 videns
813 2884 872 2947 sibi
896 2883 997 2949 filium
1020 2883 1137 2947 datum
1151 2883 1175 2967 8)
1209 2882 1405 2947 Praeclarum
1420 2883 1517 2967 igitur

499 3000 618 3065 Locrus
641 3024 660 3065 a
680 3002 759 3065 Jove
777 3002 961 3066 beneficium
978 3001 1096 3066 habuit.
1119 3001 1243 3065 Scilicet
1257 3002 1302 3064 sic
1312 3000 1517 3086 judicandum

501 3126 562 3196 est,
587 3118 724 3183 Deorum
747 3140 864 3183 amores
887 3118 927 3182 ad
950 3118 1080 3202 gloriam
1102 3126 1134 3181 et
1156 3118 1331 3181 felicitatem
1355 3117 1515 3181 hominnm

501 3236 693 3319 pertinuisse.
739 3234 898 3321 Euripidis
927 3234 1054 3319 quidem
1081 3234 1204 3312 sabula,
1236 3256 1315 3320 qnae
1340 3234 1519 3298 inscribitur

499 3352 580 3432 Jon,
608 3375 711 3417 nonne
733 3354 824 3438 plena
848 3354 1082 3437 quaestionum,
1107 3352 1301 3437 querelarum
1324 3352 1393 3415 est?
1415 3373 1517 3434 neque

500 3471 615 3535 absunt
636 3452 858 3535 altercationes.
894 3469 1030 3535 Omnino
1049 3470 1094 3534 ibi
1113 3470 1145 3533 in
1165 3492 1267 3534 amore
1287 3468 1400 3553 Apollo
1418 3468 1519 3533 multa

499 3588 636 3651 humana
659 3610 777 3673 passus.
823 3587 866 3651 Et
888 3588 1094 3651 absolvuntur
1111 3594 1214 3651 tamen
1232 3587 1266 3650 iu
1287 3608 1323 3650 eo
1342 3586 1460 3662 omnia,
1481 3594 1518 3648 ut

498 3704 598 3769 filium
622 3727 638 3769 e
661 3704 779 3769 Creusa
800 3713 979 3790 susceptum
1002 3704 1113 3768 Xutho
1135 3705 1246 3768 marito
1268 3702 1402 3767 Creusae
1421 3700 1517 3764 donet

495 3824 611 3908 Apollo
633 3822 770 3887 muneri:
795 3822 827 3887 in
850 3844 913 3906 quo
935 3822 1062 3886 auditur
1083 3844 1143 3885 vox
1166 3820 1302 3884 Palladis
1325 3820 1365 3885 ad
1382 3819 1514 3883 Jonem:

730 3942 767 4013 ὥς
790 3939 906 4020 mulleos
930 3937 1004 4005 οἷκον
1026 3940 1247 4017 εὐγενέστατον·
1260 3938 1287 4023 ³)

499 4062 534 4120 ut
562 4056 771 4121 mbilicum
801 4060 914 4121 mam
944 4057 1092 4121 ottinew
1122 4064 1154 4120 et
1184 4056 1321 4120 loturam
1344 4054 1461 4139 prolem
1485 4062 1517 4118 et

500 4157 743 4258 magnitudinem
772 4174 939 4259 praedicit:
953 4177 979 4258 ⁴)
1002 4182 1033 4237 et
1055 4174 1201 4239 admonet
1222 4183 1325 4237 tamen
1349 4172 1515 4249 Creusam,

537 4443 560 4502 l)
581 4446 618 4493 Vr.
636 4446 692 4495 sou.
743 4446 769 4506 2)
789 4446 826 4494 01.
844 4447 890 4497 [Χ.
908 4446 1016 4497 85-95.
1065 4447 1090 4507 8)
1106 4442 1347 4508 moin-tomeun.
1395 4446 1422 4504 4)
1440 4441 1515 4495 loll.
