3725 5542
1024 689 1065 749 82

539 888 678 954 ulium?
697 891 719 974 ¹)
753 889 878 956 Incusat
909 913 981 976 ergo
1005 890 1152 955 hocloco
1176 891 1241 979 ejus
1263 892 1461 970 suavitatem,
1482 912 1538 976 qua

539 1010 648 1073 veritas
672 1009 831 1074 obscurata
859 1010 961 1074 suerit
1008 1009 1050 1073 ut
1072 1031 1143 1073 vero
1167 1010 1361 1075 memorabile
1385 1018 1448 1088 cst,
1471 1031 1539 1096 quo

539 1128 628 1194 modo
660 1130 795 1193 incuset:
829 1151 898 1193 nam
930 1129 1066 1212 proxime
1096 1128 1168 1193 hnic
1198 1129 1265 1194 loco
1288 1131 1456 1194 carminum
1478 1128 1539 1213 qui·

536 1248 605 1312 dem
629 1247 755 1332 gloriam
791 1247 909 1312 dixerat
932 1269 997 1312 esse
1020 1269 1171 1314 summum
1195 1247 1333 1314 laborum
1357 1250 1538 1334 praemium,

536 1366 590 1430 sed
620 1367 710 1431 simul
743 1368 833 1430 sortis
857 1365 1006 1430 hnmanae
1029 1367 1225 1445 meminerat,
1249 1375 1281 1431 et
1303 1369 1454 1452 sepientes
1476 1389 1537 1453 pro

536 1485 637 1550 videre
661 1487 816 1563 futurum,
840 1507 1007 1571 omnesque
1023 1484 1161 1550 homines
1176 1484 1215 1550 ad
1230 1493 1358 1550 mortem
1370 1486 1504 1558 tendere
1515 1486 1539 1568 2)

535 1604 658 1670 Scilicet
681 1605 739 1670 hoc
761 1628 867 1670 rursus
891 1613 939 1669 est
960 1605 1134 1673 meminisse
1150 1604 1286 1669 veritatis
1302 1627 1429 1692 eamque
1445 1606 1538 1690 sequi.

536 1723 706 1804 Homerus,
733 1747 909 1811 quanquam
941 1726 1020 1790 vitae
1051 1724 1230 1790 brevitatem
1254 1734 1285 1789 et
1306 1725 1540 1790 inconstantiam

535 1847 660 1924 cecinit,
685 1855 803 1924 tamen,
828 1855 864 1908 ut
887 1845 1057 1910 secundum
1073 1844 1241 1910 Pindarum
1257 1845 1375 1923 dicam,
1392 1846 1461 1930 ipsa
1475 1868 1541 1930 cap

533 1966 610 2029 tavit
639 1965 808 2050 praesentia
838 1972 868 2029 et
898 1965 1017 2050 placere
1040 1965 1097 2042 iis,
1120 1965 1174 2050 qui
1198 1974 1265 2029 turn
1288 1987 1357 2029 eum
1381 1963 1540 2040 audirent,

533 2106 645 2170 eosque
679 2083 830 2149 oblectare
865 2083 980 2162 voluit,
1012 2083 1270 2170 quemadmodum
1304 2083 1387 2170 apud
1421 2085 1540 2170 ipsum:

531 2203 641 2282 „illum
665 2204 745 2268 enirn
768 2210 892 2268 cantum
916 2204 1108 2289 potissimum
1131 2203 1270 2268 homines
1292 2204 1466 2283 celebrant,
1487 2203 1540 2290 qui

531 2322 689 2387 audientes
711 2323 894 2386 novissimus
917 2321 1187 2406 circumsonet.''⁸)
1220 2321 1281 2386 Sed
1304 2322 1456 2388 Pindarus
1472 2344 1540 2409 pro

530 2443 630 2526 sperit
651 2414 784 2527 longius.
829 2440 971 2524 „Posteri
979 2440 1010 2520 ,'’
1032 2441 1150 2525 iuquit,
1172 2440 1260 2519 „dies
1283 2449 1357 2506 sunt
1378 2448 1474 2506 testes
1495 2463 1540 2504 sa·

530 2559 743 2645 pientissimi.’'
755 2560 780 2644 ⁴)
822 2559 862 2624 ut
891 2559 952 2624 alio
979 2559 1064 2624 loco:
1087 2569 1232 2646 „tempus
1255 2559 1355 2624 solum
1378 2562 1537 2624 veritatem

531 2679 694 2744 vindicat.''
706 2683 731 2763 ὅ)
776 2679 929 2765 Ideoque,
954 2678 1038 2764 qnod
1061 2689 1185 2744 secutus
1201 2688 1247 2744 est
1262 2681 1438 2758 veritatem,
1455 2703 1541 2768 spec·

528 2800 605 2864 tavit
628 2798 788 2864 Musarum
811 2798 1088 2877 immortalitatem,
1113 2821 1210 2884 eaque
1232 2800 1393 2884 praeconia
1415 2801 1540 2885 putavit

527 2929 666 2998 aeterua,
697 2941 776 3004 quae
806 2925 907 2984 essent
936 2919 1013 2984 bene
1043 2927 1075 2983 et
1104 2919 1137 2982 in
1161 2918 1237 2984 bene
1259 2919 1384 2985 meritos
1407 2920 1539 2986 collata:

527 3039 559 3104 iu
582 3059 680 3122 eoque
698 3038 797 3123 ipsum
816 3035 984 3102 Homerum
1000 3036 1156 3114 laudavit,
1173 3037 1256 3122 quod
1273 3038 1374 3123 Ajecis
1389 3039 1538 3104 invidiam

527 3163 767 3243 compensasset,
791 3158 919 3240 ejusque
941 3156 1086 3220 virtutem
1109 3157 1269 3222 excitasset
1284 3180 1319 3222 ao
1335 3158 1464 3244 posteris
1482 3171 1542 3224 tra·

526 3273 671 3340 didisset:
696 3297 795 3361 neque
818 3275 899 3340 enim
922 3274 972 3352 id,
996 3274 1080 3360 qnod
1103 3275 1174 3362 quis
1196 3275 1273 3342 bene
1296 3276 1422 3355 dixerit,
1445 3278 1542 3342 inter·

525 3395 641 3460 iturum
665 3417 739 3460 esse.
753 3395 779 3479 ⁶)

990 3559 1067 3643 aa·
1168 3469 1176 3485 .

653 3767 837 3848 mummio
861 3766 1465 3848 PindarimPoea'spsonm'sa·

907 3907 971 3948 can
991 3885 1148 3949 Herodoto.

569 4077 731 4142 Poetarum
755 4077 908 4163 praeclara
931 4077 1015 4163 apud
1038 4077 1171 4142 Graecm
1192 4077 1297 4141 studia
1310 4100 1452 4164 magnam
1464 4081 1539 4166 jure

523 4221 578 4262 suo
609 4198 776 4284 sapientiae
806 4195 926 4262 laudem
960 4197 1143 4262 invenerunt
1169 4196 1260 4261 etad
1284 4198 1430 4283 optimam
1453 4199 1539 4264 vitae

558 4401 581 4461 1)
597 4401 666 4450 uem.
684 4399 739 4449 vu.
756 4400 864 4450 ss-ae
930 4397 1037 4460 urea.
1055 4396 1161 4447 m-aa.
1228 4399 1254 4461 a)
1272 4399 1353 4464 oa„
1370 4401 1394 4449 ι.
1410 4400 1467 4448 scr.

555 4499 582 4555 ⁴)
601 4497 639 4547 oe.
657 4497 679 4546 1.
697 4499 736 4546 ss.
805 4501 829 4558 e)
848 4497 886 4546 oe.
902 4496 933 4546 r.
950 4495 992 4544 ce.
1058 4493 1085 4555 c)
1102 4494 1163 4545 rm.
1181 4495 1226 4544 rr.
1243 4495 1283 4546 ca
1300 4495 1373 4546 cour.
1384 4512 1441 4561 μς.
1457 4494 1501 4546 ra.
