3725 5542
516 896 563 961 dia
587 918 618 960 sa
642 904 781 962 secutum
803 919 868 960 ease
891 896 1069 961 ostenderit.
1112 893 1204 960 (lauit
1225 892 1277 959 Ol.
1300 892 1330 958 X
1354 896 1397 957 92
1420 916 1522 980 seqq,

515 1016 658 1080 instituto
682 1015 720 1081 ab
745 990 878 1080 Hercule
901 1015 980 1079 festo
1002 1012 1244 1100 quinquennali,
1268 1013 1436 1099 primiaqne
1458 1012 1522 1077 illia

516 1134 645 1219 peractis
681 1132 918 1211 certaminibus,
957 1141 1059 1198 totum
1092 1133 1196 1197 lucum
1230 1132 1393 1216 impletum
1427 1132 1523 1195 luiaae

515 1252 634 1315 laetitia
667 1260 697 1325 et
730 1260 824 1316 cantu
858 1250 1026 1337 ejusmodi,
1058 1251 1111 1335 qui
1142 1250 1198 1314 tali
1228 1249 1306 1313 festu
1329 1249 1521 1313 eonvenirat:

517 1370 608 1448 haec,
641 1370 759 1454 inquil,
792 1378 893 1433 vetera
923 1370 1012 1434 initia
1043 1391 1126 1433 nuuc
1156 1389 1278 1452 qnoque
1306 1389 1470 1453 aequemur
1492 1376 1524 1431 et

516 1512 658 1555 canemus
679 1489 801 1553 laudem
822 1488 992 1574 praeclarae
1008 1487 1152 1552 victuriae
1166 1488 1390 1572 eognominem.
1413 1486 1524 1571 Ibique

516 1610 566 1673 vix
595 1608 656 1673 alio
679 1607 828 1672 vocabulo
851 1606 977 1671 modum
999 1607 1143 1671 caminia
1165 1606 1336 1691 signifieat,
1359 1607 1409 1670 τὸν
1430 1606 1522 1683 ἐγκώ-

516 1752 579 1804 μιον
603 1728 703 1808 τρόπον
726 1725 894 1811 appellans.
935 1728 984 1789 An
1007 1747 1093 1801 vern,
1116 1747 1229 1809 quum,
1252 1725 1386 1789 earmina
1410 1723 1523 1808 Pythio

516 1844 615 1922 VIII,
641 1868 673 1909 vs
697 1848 754 1921 2⁷,
786 1844 933 1909 Xenarnia
963 1844 1061 1908 filium
1088 1842 1127 1908 ab
1151 1842 1296 1928 Apolline
1318 1843 1401 1907 dicat
1423 1865 1524 1928 renen

517 1974 582 2029 tum
607 1988 670 2029 ease
694 1972 795 2029 menta
819 1963 967 2028 benevola

891 2082 1129 2162 ἐστεφανωμένον

703 2238 748 2251 -
770 2200 838 2282 ποίᾳ
860 2198 1021 2280 Πνρνασίδν
1044 2206 1150 2279 Δωριεῖ
1168 2222 1203 2262 τε
1225 2198 1328 2280 κώμῳ,

518 2318 571 2383 ille
592 2324 686 2396 κῶμος
710 2319 771 2382 vim
794 2340 882 2381 auam
901 2326 931 2381 et
951 2317 1206 2402 significationem
1225 2315 1352 2381 aliunde
1370 2316 1525 2381 desumit?

519 2441 567 2501 An
591 2459 651 2501 non
676 2437 781 2501 laurus
806 2436 948 2501 Parnasia
970 2436 1144 2520 festumque
1166 2458 1288 2500 eumen
1312 2436 1459 2500 Doricum
1478 2436 1523 2499 ita

516 2558 596 2619 inter
618 2578 650 2619 se
673 2558 922 2640 conjunguntur,
946 2563 983 2619 nt
1004 2564 1136 2640 utruque
1158 2555 1271 2639 pariter
1291 2562 1385 2639 caput
1400 2554 1525 2618 victuris

516 2682 658 2737 ornatum
682 2696 746 2737 ease
769 2672 865 2739 Poeta
888 2673 1041 2737 voluerit?

560 2793 618 2857 sed
643 2816 725 2859 nunu
748 2792 873 2878 quidem
896 2792 935 2856 ad
959 2815 1101 2878 praesens
1123 2815 1244 2857 carmen
1268 2792 1439 2857 redeamus.
1485 2791 1521 2855 ln

517 2934 578 2997 quo
601 2935 698 2997 quum
722 2935 755 2976 vs
781 2914 819 2977 77
844 2910 927 2976 dieat
950 2910 1061 2989 Poeta,
1085 2934 1168 2977 nnnc
1191 2911 1317 2998 quidem
1340 2911 1379 2975 ed
1403 2932 1522 2975 summa

517 3032 687 3115 pervenisse
709 3030 896 3107 Theronem,
920 3038 1059 3116 apparet,
1082 3030 1162 3095 banc
1186 3031 1315 3116 primam
1337 3031 1404 3115 ejus
1426 3030 1520 3094 luiaae

516 3150 652 3215 cumulem
686 3150 842 3215 victoriam
878 3147 1071 3235 Olympiam..
1109 3148 1177 3213 Neu
1211 3150 1346 3213 earmina
1376 3147 1521 3234 Olympio

516 3268 649 3333 seeundo
673 3289 705 3331 vs
730 3271 769 3333 87
795 3266 964 3352 quidquem
986 3268 1025 3331 de
1048 3269 1158 3331 iterata
1181 3268 1308 3332 victoria
1326 3274 1521 3331 memoratur.

516 3385 719 3449 statuendum
742 3406 814 3469 ergo
838 3394 898 3463 eal,
923 3394 1088 3471 utrumque
1110 3408 1231 3450 carmen
1254 3386 1293 3450 ed
1313 3386 1441 3451 eandem
1464 3386 1524 3449 vic·

517 3506 624 3569 loriam
647 3504 807 3589 pertinere.
844 3505 942 3589 atqui
965 3506 1120 3583 existimo,
1144 3527 1265 3571 carmen
1284 3507 1411 3571 tertium
1429 3506 1522 3569 fuiaae

517 3624 630 3687 iactum
664 3624 812 3686 continuo
847 3631 916 3707 post
950 3619 1125 3701 vietudam,
1158 3624 1327 3689 secundnm
1358 3646 1429 3690 vero
1452 3634 1523 3710 post

516 3742 652 3805 tertium.
698 3740 794 3826 cujus
825 3740 995 3806 sententiae
1025 3765 1118 3807 causa
1147 3743 1224 3807 mibi
1252 3744 1328 3808 haee
1349 3752 1413 3820 eat,
1437 3742 1520 3829 quod

517 3860 641 3923 tertium
666 3866 697 3923 el
719 3857 840 3923 brevius
864 3869 926 3938 est,
959 3870 991 3924 et
1012 3862 1170 3927 materiem
1193 3861 1286 3927 babel
1308 3884 1346 3926 ex
1368 3863 1436 3947 ipsa
1457 3862 1522 3927 aula

518 3976 662 4061 Olympia
684 3978 867 4061 antiquitate
890 3979 1032 4063 petitam,
1055 3988 1087 4045 et
1102 3980 1271 4065 simplicem
1287 3981 1431 4045 victoriae
1445 3980 1524 4045 'l'he-

517 4096 600 4159 ronis
629 4095 854 4161 laudationem:
883 4098 1054 4163 seeundum
1081 4122 1152 4164 vern
1174 4100 1272 4184 majua
1294 4108 1342 4165 eat
1363 4100 1523 4185 magisque

519 4214 725 4289 elaboratum,
749 4214 781 4277 in
803 4213 954 4281 'Pheronia
977 4238 1048 4281 vero
1070 4239 1131 4282 nnn
1155 4216 1299 4304 Olympia
1320 4226 1442 4283 tantum
1464 4220 1524 4284 vic·

520 4334 599 4397 turia
620 4332 674 4396 sed
697 4331 823 4416 reliquia
846 4334 938 4399 etiam
961 4335 1105 4401 laudibus
1126 4335 1355 4421 virtutibusque
1374 4337 1526 4403 celebrau-

522 4451 569 4515 dia
600 4460 754 4529 versatur,
785 4452 817 4516 in
848 4455 947 4538 patria
976 4475 1100 4541 quoque
1122 4457 1189 4540 ejua
1212 4464 1243 4519 et
1265 4464 1356 4541 gente
1378 4464 1410 4521 et
1431 4457 1523 4523 fratre
