3725 5542
805 744 846 801 ta

312 937 369 1019 git:
384 937 408 1019 ¹)
433 938 641 1001 Aristomenis
664 938 806 1001 eximiam
830 938 1008 1001 felicitatem
1034 939 1209 1024 praedicat,
1236 962 1334 1022 quum

312 1054 363 1131 iis,
395 1078 477 1138 quos
510 1056 649 1133 vicisset,
682 1078 745 1119 non
776 1056 889 1140 pariter
918 1057 956 1120 ad
980 1066 1109 1120 matrem
1134 1058 1335 1121 venientibus

316 1171 411 1235 dulcis
443 1175 527 1237 risus
558 1174 703 1237 excitaret
734 1172 863 1257 gaudia:
878 1170 902 1255 9)
933 1173 1171 1257 Agesidamum,
1197 1176 1333 1259 pugilem

318 1290 460 1355 victorem
483 1290 663 1376 Olympiae,
688 1290 755 1354 vult
778 1290 856 1354 ferre
879 1292 1010 1375 gratiam
1033 1291 1116 1369 Ilae,
1137 1292 1335 1375 quemadmo-

318 1407 389 1472 dum
404 1411 523 1474 tulerat
538 1409 653 1473 Achilli
669 1408 839 1475 Patroclus.
856 1410 880 1493 3)
904 1408 1027 1474 Laudat
1042 1410 1302 1495 hospitalitatem,
1312 1413 1337 1493 ⁴)

320 1548 484 1611 congruam
516 1550 588 1591 sane
620 1528 817 1593 victoriarum
848 1528 1094 1612 magnificentiae
1125 1536 1156 1592 et
1182 1526 1336 1603 laetitiae,

321 1643 446 1729 ipsaque
479 1646 689 1711 conviviorum
721 1646 852 1711 candida
875 1646 998 1731 gaudia.
1012 1647 1037 1729 ⁶)
1084 1646 1221 1710 Multum
1247 1646 1338 1709 ctiam

322 1762 476 1827 Malesiam
503 1771 666 1843 memorat,
691 1764 848 1829 doctorem
872 1764 1056 1849 palaestrae,
1080 1786 1254 1847 nomenque
1278 1786 1339 1827 ma·

324 1880 424 1964 gistri,
451 1880 675 1965 discipulorum
700 1888 845 1945 ornatum
867 1882 1022 1957 victoriis,
1047 1888 1155 1965 poetae
1179 1902 1253 1945 voce
1271 1902 1339 1965 pro-

326 2008 469 2083 pagatam
487 1998 589 2063 estad
606 2000 824 2109 posteritatem.
837 2001 863 2082 6)
887 1998 1044 2063 Arcesilae
1059 1998 1232 2083 Cyrenaeo,
1250 2000 1338 2083 cujus

326 2116 428 2201 auriga
440 2115 612 2181 Oarrhotns
624 2117 781 2181 victoriam
794 2124 1019 2202 reportaverat,
1032 2115 1175 2193 mandat,
1189 2123 1225 2179 ut
1237 2115 1338 2179 Deum

326 2234 445 2316 quidem
473 2242 652 2311 veneretur,
678 2234 862 2299 Carrhotum
887 2257 958 2299 vero
982 2242 1063 2298 amet
1086 2256 1180 2319 supra
1204 2234 1339 2317 reliquos

326 2350 450 2416 sodales.
465 2352 491 2436 7)
524 2352 725 2437 Hippoeleam
749 2346 836 2431 vero,
861 2354 964 2439 ipsum
988 2354 1150 2429 victorem,
1167 2352 1266 2415 lilium
1282 2353 1341 2415 vic-

329 2470 418 2547 toris,
452 2492 558 2535 earum
590 2470 735 2549 laudam,
767 2493 843 2555 quas
867 2470 996 2535 mortale
1018 2492 1116 2554 genus
1140 2470 1339 2555 attingimus,

328 2588 501 2669 pervenisse
532 2588 616 2651 canit
646 2589 684 2652 ad
716 2610 840 2653 cursum
871 2596 1051 2652 extremum.
1065 2589 1090 2670 8)
1143 2587 1340 2651 Psaumidcm

331 2702 579 2781 Gamariuaeum,
598 2706 652 2788 qui
667 2712 819 2770 recentem
835 2705 939 2769 sedem
953 2712 1132 2790 patremque
1144 2726 1235 2769 suum
1248 2706 1342 2768 Acro·

327 2844 392 2886 nem
424 2821 522 2885 victor
552 2823 725 2901 nunciavit,
758 2830 789 2887 et
818 2822 964 2887 laudibus
997 2822 1108 2888 extulit
1139 2829 1170 2886 et
1197 2822 1339 2907 precibus

330 2946 506 3022 prosecutus
538 2948 600 3018 est,
634 2947 669 3004 ut
700 2942 766 3027 ipse
796 2942 887 3005 ctiam
915 2964 1008 3006 senex
1031 2942 1244 3027 praesentibus
1267 2941 1339 3005 filiis

330 3078 476 3121 summam
501 3056 652 3123 humanae
677 3058 831 3123 felicitatis
855 3068 1036 3145 capesseret.
1049 3062 1075 3143 ⁹)

372 3174 488 3239 Verum
512 3183 634 3259 oportet
657 3177 803 3241 eximium
827 3178 984 3261 quoddam
1000 3178 1095 3264 hujus
1110 3178 1229 3263 generis
1246 3200 1344 3243 exem·

333 3292 415 3377 plum
436 3315 502 3357 non
525 3296 782 3377 praetermittere,
808 3297 874 3381 ejns
897 3297 1057 3375 carminis,
1086 3318 1148 3380 quo
1171 3296 1345 3380 Thrasybu-

331 3410 392 3475 lum
408 3411 553 3489 donavit,
570 3413 693 3477 victoris
709 3414 892 3480 Xenocratis
908 3416 1006 3479 filium
1022 3415 1055 3479 in
1067 3415 1187 3500 Pythiis
1198 3416 1343 3480 victorem

332 3530 429 3593 curuli
460 3530 642 3608 certamina,
668 3533 857 3616 praeclarum
877 3534 1022 3618 juvenem
1047 3540 1079 3597 et
1101 3532 1250 3618 singulari
1273 3553 1346 3616 erga

334 3656 446 3733 patrem
478 3648 593 3733 pietate
619 3652 831 3735 conspicuum.
878 3652 954 3717 Erat
978 3654 1043 3737 ejus
1067 3660 1197 3736 patruus
1221 3672 1345 3735 quoquc

332 3764 427 3831 Thero
461 3766 588 3831 victoria
610 3768 721 3833 clarus.
758 3770 924 3855 (lamparet
947 3792 1018 3835 eum
1041 3770 1137 3834 Poeta
1160 3793 1229 3835 cum
1253 3770 1345 3834 heroe

333 3882 514 3961 Antilocho,
546 3886 623 3967 „qni
655 3908 710 3969 pro
742 3892 827 3971 patre
858 3886 990 3951 Nestore
1022 3887 1225 3965 occubuerat,
1257 3888 1345 3952 vehe-

332 4008 462 4065 mentem
485 4002 640 4067 sustinens
663 4003 772 4067 ducem
797 4004 988 4091 Aethiopum
1006 4005 1219 4070 Memnonem:
1236 4004 1346 4070 Nesto·

332 4118 369 4181 ris
399 4118 481 4183 euim
513 4140 637 4184 currum
672 4142 770 4205 equus
801 4122 980 4207 impedivit,
1012 4121 1134 4188 Paridis
1165 4122 1345 4187 vulneratus
1387 4112 1390 4116 ⁵

364 4318 385 4377 1)
402 4320 467 4369 nm.
487 4318 533 4368 rr.
552 4319 576 4368 a.
676 4321 700 4381 a)
717 4320 760 4385 ry.
783 4322 858 4370 vrri.
876 4321 934 4371 121.
1034 4322 1058 4382 a)
1078 4322 1115 4371 οι.
1132 4322 1162 4371 r.
1181 4320 1222 4370 n.

362 4414 387 4472 4)
406 4413 442 4461 οι.
461 4414 501 4463 rr.
521 4412 576 4464 170.
674 4417 699 4475 a)
717 4416 753 4465 ot.
772 4416 795 4465 1.
814 4414 854 4467 1⁷.
926 4414 1345 4477 c)01.7111.71.neu.1v¹.1c1.

364 4504 552 4573 naam
674 4510 863 4575 omnm
1031 4510 1285 4572 mmmmm

1195 4608 1214 4663 4
