3725 5542
981 706 1045 767 562

509 904 537 967 Il
568 904 732 969 senioribus
763 903 862 987 poetis
885 901 1024 987 exempla
1046 900 1222 965 Gratiarum
1245 900 1520 968 Orchomenisrnm

508 1022 685 1086 memoriam
716 1020 862 1084 testamia
892 1017 980 1082 affert
1010 1018 1094 1081 hand
1125 1039 1223 1103 pauca
1252 1018 1406 1096 Taielins,
1434 1020 1522 1083 velut

509 1139 662 1203 Stratonis
683 1140 718 1203 in
741 1136 869 1201 Authol.
894 1136 992 1199 Patet.
1016 1135 1083 1199 XII
1109 1138 1169 1199 181

553 1492 585 1552 2.
619 1488 817 1553 καλλίπωλον.
851 1485 965 1550 Thebis
995 1486 1069 1550 olim
1100 1486 1261 1551 interfecto
1291 1484 1441 1570 Clymeno
1462 1484 1522 1549 Or-

508 1606 686 1683 chomeuio,
707 1605 791 1669 hlina
806 1603 946 1688 Clymeni
961 1604 1096 1689 Erginus
1111 1603 1265 1670 Thebanis
1281 1604 1397 1671 bellam
1413 1605 1522 1669 intulit

509 1732 542 1786 et
564 1724 653 1788 victis
676 1721 806 1806 rechgal
827 1721 995 1806 imposuit,
1019 1744 1082 1806 quo
1104 1728 1211 1807 postea
1233 1721 1272 1786 ah
1294 1720 1430 1785 Hercule
1447 1722 1524 1787 liha-

509 1840 570 1903 rati
592 1847 684 1904 suut:
709 1838 793 1923 qnod
815 1845 942 1903 narrant
963 1837 1130 1903 Pausanias
1149 1836 1186 1903 L.
1207 1836 1255 1901 IX
1270 1837 1306 1902 C.
1322 1836 1521 1901 muns

511 1966 545 2021 et
574 1956 740 2021 scholiasta
768 1956 808 2019 ad
838 1955 1038 2019 Theocritum
1070 1954 1147 2018 xv1
1174 1956 1247 2019 1⁰4.
1294 1956 1432 2039 Attiugit
1453 1976 1523 2021 mm

508 2096 573 2137 ram
606 2072 773 2137 scholiasta
802 2079 889 2137 vetus
919 2072 959 2135 ad
992 2071 1075 2135 huno
1105 2070 1230 2135 Pindari
1261 2070 1382 2149 locam,
1414 2094 1521 2137 rmum

508 2188 658 2274 Erginum
682 2188 860 2272 diciteque
883 2188 1010 2265 vicisse,
1034 2197 1067 2251 et
1088 2186 1161 2252 inde
1184 2187 1242 2251 hou
1257 2186 1444 2253 Orchomoui
1459 2190 1524 2273 api·

507 2306 616 2371 theton
647 2304 768 2388 repetit.
814 2302 900 2384 Quid
931 2304 991 2369 sibi
1021 2303 1075 2368 ille
1101 2324 1199 2389 equus
1222 2302 1330 2388 Ergu'ui
1355 2304 1446 2381 velit,
1469 2307 1523 2369 vix

508 2397 665 2507 intelligor
701 2420 755 2486 sed
789 2422 816 2485 ai
846 2420 1068 2505 intelligerem,
1098 2442 1160 2485 uon
1191 2420 1360 2498 crederem,
1394 2418 1521 2485 Portam

508 2537 688 2602 'l'hehauum
716 2538 750 2601 in
772 2535 980 2601 Orchomenia
1004 2537 1117 2601 victore
1140 2535 1277 2599 cauendo
1300 2537 1410 2601 rateds
1433 2558 1522 2601 reuo-

509 2674 595 2717 raase
629 2652 817 2717 Orchomeni
851 2674 887 2717 ae
919 2651 1095 2717 'l'hebarnm
1129 2650 1300 2717 discordiae
1331 2654 1520 2717 memnuiam.

509 2770 716 2856 Appellantur
738 2779 842 2835 antem
862 2769 1059 2834 Orchomenii
1074 2768 1238 2845 πλήξιπποι
1254 2744 1523 2855 iu'epigrammta

508 2887 591 2972 apud
614 2885 798 2952 Pausaniam
819 2884 857 2951 L.
881 2885 930 2950 IX
953 2885 989 2951 G.
1006 2884 1183 2951 XXXVIII
1199 2890 1236 2964 3,
1252 2896 1284 2952 et
1297 2888 1383 2973 ipsae
1397 2888 1522 2953 'l'hehaa

508 3002 592 3087 apnd
625 3014 764 3069 nocuum
797 3002 849 3069 Ol.
877 3004 925 3068 VI
959 3006 1039 3067 145:
1070 3026 1133 3088 quo
1163 3003 1302 3089 epitheto
1331 3006 1523 3089 significatur

507 3120 575 3183 lans
609 3119 729 3184 bellica.
773 3118 835 3184 Sed
868 3120 1058 3184 κπλλίπιιλον
1092 3120 1150 3183 hoc
1184 3119 1253 3185 loco
1287 3120 1349 3185 dici
1379 3123 1523 3187 emssimo

508 3235 737 3301 Orchomenum
760 3244 885 3321 propter
906 3256 1090 3321 pascuorum
1112 3238 1339 3321 praestantiam.

553 3355 586 3417 8.
620 3356 760 3433 λιπιιριῖι.
804 3352 933 3436 Propria
975 3352 1159 3437 significatio
1198 3353 1319 3418 videtur
1351 3376 1417 3419 me
1452 3357 1523 3441 ejus

508 3468 723 3555 pinguedinis,
755 3488 834 3554 qnae
863 3470 953 3553 quasi
981 3477 1028 3533 est
1057 3469 1127 3534 olei.
1175 3468 1221 3534 Ut
1243 3470 1326 3555 apud
1349 3470 1522 3537 Homerum

508 3588 573 3651 ald
595 3587 702 3685 italo,
733 3584 774 3649 Il.
797 3584 826 3648 X
852 3588 915 3651 577
940 3593 972 3651 et
994 3608 1093 3671 saepe.
1140 3586 1200 3653 Sed
1223 3608 1295 3653 cunr
1316 3588 1372 3651 illa
1393 3590 1525 3674 pingue·

509 3704 583 3769 diue
611 3704 696 3768 nitor
724 3711 772 3767 est
801 3704 996 3789 conjunctus.
1042 3704 1162 3769 Idcirco
1189 3704 1303 3770 hennae
1325 3705 1461 3771 sumna
1482 3728 1524 3771 eo

509 3820 648 3905 epitheto
679 3818 874 3904 appellantur
902 3820 987 3906 apud
1018 3820 1272 3905 Xenophontem,
1303 3819 1416 3907 Gyrop.
1441 3820 1525 3887 LI

511 3935 547 4001 G.
570 3935 618 4000 Iv
644 3938 703 4015 ll,
726 3937 866 4001 atcania
886 3944 1049 4021 perpastua
1072 3938 1169 4002 nitere
1191 3938 1305 4003 dicitur
1327 3938 1411 4023 apud
1425 3938 1527 4004 Phae-

510 4053 601 4118 &um
624 4051 663 4118 L.
685 4050 740 4117 ΠΙ
761 4050 837 4117 Fan.
860 4051 925 4116 VII
948 4057 990 4131 4,
1021 4074 1077 4118 noc
1100 4053 1291 4119 dissimiliter
1311 4054 1460 4120 Horatius
1482 4055 1526 4121 de

511 4192 544 4234 se
565 4172 632 4255 ipse
652 4167 691 4233 L.
714 4168 733 4233 1
755 4168 815 4255 Ep.
838 4167 886 4232 Iv
911 4171 952 4231 15

555 4285 609 4349 lle
629 4285 776 4371 pinguem
798 4294 831 4349 at
851 4284 982 4349 nitidum
1007 4285 1085 4349 bene
1106 4294 1212 4349 curata
1233 4294 1322 4351 cnm:

509 4400 656 4467 subtilius
681 4424 753 4467 vero
781 4400 820 4466 L.
851 4400 887 4465 Π
915 4398 977 4465 Od.
1009 4400 1075 4465 ΧΠ
1106 4404 1145 4465 19
1169 4401 1304 4487 appellat
1325 4402 1438 4467 nitidas
1461 4404 1522 4471 riu*-
1658 4440 1659 4513 ἰ
