3725 5542
956 724 1021 784 236

401 934 442 993 50
479 928 623 991 nancisci.
643 925 786 1011 Namque
797 924 961 988 Alcmenae
976 924 1097 987 fratrem
1111 923 1249 1007 spurium
1263 922 1374 986 baculo
1386 923 1496 987 feriens

478 1046 573 1110 durae
604 1044 701 1109 olivae
733 1044 885 1108 interfecit
912 1042 1061 1126 Tirynthe
1083 1041 1277 1126 Licymnium
1288 1091 1297 1120 ,
1323 1043 1495 1105 venientem

479 1188 495 1229 e
518 1164 660 1228 thalamis
684 1162 823 1240 Mideae,
850 1162 943 1247 hujus
966 1171 1064 1224 terrae
1087 1160 1228 1224 conditor
1251 1159 1419 1244 aliquando
1436 1161 1496 1223 ira-

478 1292 538 1348 tus,
586 1282 700 1347 Mentis
726 1281 972 1369 perturbationes
996 1281 1028 1344 in
1042 1301 1174 1343 errorem
1190 1278 1385 1343 abduxerunt
1404 1280 1496 1343 etiam

477 1402 656 1487 sapientem.
695 1401 782 1466 Abiit
805 1400 841 1464 ad
868 1400 968 1471 Deum
992 1422 1123 1484 eumque
1146 1397 1314 1463 consuluit.
1357 1398 1410 1462 Illi
1436 1400 1499 1461 Au·

478 1520 612 1583 ricoinus
648 1541 664 1582 e
699 1517 904 1604 fragrantibus
940 1518 1147 1603 penetralibus
1183 1517 1307 1581 navium
1339 1516 1499 1581 nunciavit

402 1641 443 1701 60
481 1637 632 1702 directum
656 1658 779 1701 cursum
805 1660 822 1701 a
845 1637 935 1701 litore
962 1635 1099 1701 Lernaeo
1117 1636 1154 1699 ad
1172 1635 1259 1700 sedes
1274 1636 1350 1700 mari
1367 1636 1496 1713 cinctas,

479 1754 533 1820 ubi
557 1753 724 1840 aliquando
748 1754 882 1819 Deorum
903 1777 1033 1840 magnus
1053 1776 1105 1818 rer
1124 1753 1249 1819 nivibus
1270 1754 1369 1818 aureis
1389 1752 1495 1817 urbem

478 1873 633 1957 irrigavit,
662 1894 760 1959 quum
784 1880 849 1937 arte
874 1871 1007 1937 Vulcani
1030 1872 1129 1936 securi
1152 1871 1249 1936 ferrea
1272 1871 1370 1956 patris
1392 1894 1409 1935 e
1433 1893 1498 1935 ver·

480 1992 540 2056 tice
570 2013 690 2055 summo
722 1990 882 2076 prosiliens
914 1990 1054 2055 Minerva
1085 1989 1229 2054 clamavit
1259 1989 1375 2075 ingenti
1405 2012 1495 2053 voce:

404 2114 444 2177 70
480 2109 609 2173 Ocelum
633 2109 719 2173 illam
743 2108 862 2173 horruit
885 2117 916 2173 et
939 2109 1033 2173 'l'erra
1055 2116 1162 2173 mater.
1200 2109 1281 2174 'lum
1303 2108 1395 2173 etiam
1411 2108 1496 2173 Deus

481 2228 725 2313 Hyperionides‚
761 2228 813 2312 qui
850 2228 949 2292 lucem
978 2228 1040 2292 lert
1069 2226 1268 2304 mortalibus,
1300 2250 1386 2291 caros
1417 2227 1496 2291 filios

482 2346 620 2411 debitum
650 2346 744 2432 jussit
771 2346 932 2409 observare
964 2348 1122 2425 futurum,
1149 2356 1186 2411 ut
1208 2346 1291 2411 Deae
1316 2346 1408 2432 primi
1429 2368 1498 2410 con·

483 2464 590 2529 derent
613 2486 696 2528 aram
720 2464 937 2550 conspicuam,
962 2472 993 2529 et
1015 2487 1101 2529 sacro
1124 2466 1293 2529 constituto
1317 2464 1427 2530 decoro
1443 2464 1499 2527 Pa·

405 2587 446 2648 80
482 2584 583 2668 trique
607 2593 739 2648 mentem
760 2583 931 2648 mulcerent
948 2584 1172 2671 bellicosaeque
1188 2584 1319 2669 Virgini.
1346 2584 1499 2647 Virtutem

483 2704 582 2791 injicit
603 2712 634 2767 et
656 2702 768 2789 gaudia
784 2703 965 2769 mortalibus
980 2702 1167 2769 Prudentiae
1183 2703 1359 2769 reverentia
1384 2703 1500 2768 Verum

483 2824 589 2888 etiam·
607 2821 713 2907 aliqua
746 2822 969 2888 inconsiderate
999 2823 1096 2888 nubes
1124 2823 1287 2887 oblivionis
1310 2822 1445 2899 accedit,
1470 2830 1502 2886 et

482 2950 594 3007 rectam
627 2964 728 3005 rerum
761 2942 839 3006 viam
869 2941 1020 3007 abstrahit
1050 2950 1136 3006 entra
1167 2951 1310 3006 mentem.
1358 2940 1500 3025 Namque

484 3060 530 3125 illi
553 3060 754 3125 escenderunt
776 3082 837 3124 non
864 3060 1011 3126 habentes
1034 3082 1137 3125 semen
1160 3061 1300 3125 flammae
1322 3057 1498 3123 candentis:

485 3180 684 3265 feceruntque
714 3180 808 3244 sacris
837 3180 907 3265 igne
930 3180 1106 3243 carentibus
1129 3179 1235 3242 lanum
1258 3178 1290 3242 in
1314 3200 1392 3242 arce.
1431 3177 1500 3241 Illis

406 3300 447 3360 90
484 3297 609 3383 quidem
641 3296 796 3361 adducens
828 3298 942 3363 nubem
973 3295 1134 3361 candidam
1158 3296 1291 3361 multum
1317 3319 1427 3360 aurum
1450 3295 1500 3359 de

484 3418 584 3481 misit:
617 3416 684 3503 ipsa
718 3439 786 3481 vero
818 3415 903 3480 dedit
931 3417 969 3480 iis
997 3415 1138 3479 Minerva
1160 3416 1243 3479 ornni
1267 3424 1331 3479 arte
1355 3436 1499 3499 superare

485 3535 628 3600 mortales
658 3534 801 3599 manibus
825 3534 1090 3599 artificiosissimis.
1137 3534 1241 3619 Opera
1263 3534 1339 3598 vivis
1362 3532 1500 3618 gradien-

484 3652 628 3737 tibusque
662 3652 774 3718 similia
809 3654 873 3717 viae
908 3653 1054 3719 ferebant
1100 3653 1176 3718 Erat
1210 3650 1364 3738 profunda
1391 3651 1498 3736 gloria

389 3774 448 3836 loo
484 3770 588 3835 Perito
620 3771 711 3835 etiam
742 3774 840 3858 major
870 3772 1022 3857 sapientia
1052 3772 1118 3836 sine
1147 3772 1255 3836 fraude
1279 3781 1335 3835 est.
1384 3770 1500 3834 Dicunt
1582 3822 1587 3835 .

485 3888 643 3954 homiuum
676 3893 789 3956 vetusti
813 3914 984 3970 sermones,
1009 3914 1106 3977 quum
1130 3900 1242 3955 terram
1266 3892 1347 3956 inter
1369 3914 1402 3954 se
1425 3889 1502 3954 divi·

486 4008 594 4074 dercnt
622 4009 746 4094 Jupiter
777 4019 807 4075 et
839 4010 1044 4088 immortales,
1073 4009 1211 4074 nondum
1242 4011 1439 4095 conspicuam
1468 4010 1501 4073 in

487 4128 594 4213 pelago
618 4128 737 4193 marino
759 4129 852 4193 fuisse
876 4128 1037 4207 Rhodum,
1062 4152 1167 4193 verum
1191 4129 1222 4192 in
1247 4128 1328 4192 salso
1346 4125 1501 4215 profundo

487 4245 621 4310 insulam
643 4246 781 4311 latuisse.
822 4247 966 4311 Absentis
990 4270 1080 4312 nemo
1103 4247 1239 4312 ostendit
1262 4254 1379 4331 partem
1402 4244 1501 4309 Solis:

488 4372 518 4428 et
541 4387 611 4428 vero
634 4364 721 4429 illum
747 4366 812 4429 siue
835 4365 895 4429 loci
918 4374 1000 4430 sorte
1022 4365 1214 4451 reliquerunt
1233 4374 1373 4429 sanctum
1390 4364 1501 4429 Deum.

390 4485 452 4546 110
490 4482 674 4549 Memoranti
697 4485 820 4571 Jupiter
844 4507 953 4549 novam
976 4486 1168 4550 sortitionem
1191 4485 1289 4549 facere
1311 4485 1419 4549 voluit.
1444 4482 1502 4549 Ve-
