3725 5542
814 715 853 777 27

319 917 447 1001 quidem
480 914 618 997 Oedipus
651 913 885 977 Atheniensium
918 913 1011 977 choro
1044 935 1155 977 nomen
1182 932 1340 996 genusque

318 1058 414 1099 suum
445 1034 562 1119 aperire
594 1033 696 1096 timet:
731 1030 837 1095 audito
870 1030 993 1097 tandem
1018 1031 1130 1094 chorus
1153 1030 1261 1094 lovem
1285 1028 1341 1093 im·

318 1153 423 1239 plorat
456 1153 591 1218 territus.
613 1152 635 1235 ¹)
682 1149 758 1215 Nec·
783 1173 855 1215 sane
889 1150 1075 1215 Labdacidis
1106 1149 1170 1213 ulla
1202 1172 1276 1234 gens
1307 1148 1341 1211 iu

318 1271 451 1335 Graecia
481 1272 544 1334 lato
575 1269 726 1333 infelicior
757 1268 827 1333 luit.
875 1268 1028 1333 Pindarus
1057 1289 1128 1331 vero
1150 1267 1182 1330 in
1206 1266 1341 1330 carmine

318 1389 467 1475 Olympio
493 1388 628 1453 secundo
651 1386 839 1465 Pheronem,
865 1409 991 1471 magmas
1013 1386 1117 1450 clades
1141 1407 1340 1471 perpessum,

319 1506 499 1573 consolatur
527 1505 672 1592 exemplis
696 1526 796 1568 rerum
821 1504 1045 1580 humanarum,
1071 1525 1168 1588 quum
1192 1502 1239 1566 vel
1264 1502 1341 1565 anti·

320 1648 386 1711 qua
419 1624 541 1689 heroica
575 1624 710 1687 Deorum
743 1624 842 1707 proles
873 1645 936 1687 non
967 1623 1063 1688 fuerit
1093 1620 1342 1686 vicissitudinum

319 1766 438 1829 expers.
475 1743 555 1807 Pieri
578 1742 728 1807 malorum
752 1742 937 1807 oblivionem
961 1742 1020 1819 ait,
1045 1741 1196 1806 bonorum
1218 1741 1343 1804 invento

322 1860 554 1947 magnitudine:
585 1862 616 1925 in
646 1882 742 1943 eaque
765 1861 832 1944 ipsa
854 1859 1006 1924 bonorum
1030 1857 1206 1923 inventione
1229 1866 1341 1935 Μοῖραν

323 1991 489 2057 memorat,
518 1982 604 2065 justo
637 1978 773 2043 nomine:
789 1980 812 2060 ἵ)
840 1978 865 2041 si
889 1977 1015 2061 quidem
1039 1976 1085 2041 illi
1108 1998 1171 2040 non
1194 1975 1254 2040 fuit
1275 1976 1343 2049 caat

320 2105 437 2177 Maipa,
472 2098 525 2161 sed
561 2119 613 2173 ea,
649 2118 727 2179 quae
762 2095 926 2160 distribuat
961 2095 1101 2158 fortunas
1138 2092 1337 2168 mortalibus,
1389 2114 1392 2119 ·

320 2215 479 2297 bonasque
511 2228 542 2277 et
572 2213 713 2277 adversas
737 2220 895 2297 temperet.
943 2211 1094 2297 Exempla
1116 2219 1220 2275 autem
1244 2209 1340 2273 sumit

320 2355 357 2396 er
382 2332 491 2395 Cadmi
515 2342 621 2416 gente:
647 2354 683 2393 ex
704 2353 740 2395 ea
759 2332 824 2415 ipse
842 2330 965 2395 Theron
986 2328 1157 2394 deducebat
1177 2327 1341 2412 originem:

319 2451 441 2529 „Filiae
461 2449 568 2514 Cadmi
589 2472 700 2534 magna
719 2471 825 2535 passae
845 2449 984 2525 lucrant,
1002 2447 1056 2513 sed
1071 2447 1223 2513 ceciderat
1238 2446 1339 2530 gravis

319 2590 442 2633 moeror
472 2591 489 2631 a
520 2566 609 2632 bonis
641 2567 817 2653 majoribus.
864 2566 923 2631 Sed
956 2567 1031 2631 alias
1054 2566 1107 2630 alii
1130 2567 1245 2630 fluctus
1269 2587 1341 2629 cum

317 2685 442 2771 gaudiis
474 2696 504 2748 et
534 2684 691 2750 laboribus
722 2684 760 2748 sd
792 2684 931 2749 hominos
964 2684 1103 2747 veniunt.
1150 2682 1200 2747 Sic
1223 2690 1338 2765 Μοῖρα,

318 2826 400 2889 quae
429 2802 515 2867 illam
546 2802 722 2867 felicitatem
750 2802 893 2880 dederat,
922 2824 1028 2867 rursus
1052 2802 1113 2865 alio
1136 2812 1274 2887 tempore
1297 2801 1342 2865 iu·

320 2921 496 2987 fortunium
524 2920 648 2999 attulit,
674 2930 839 3005 postquam
861 2920 973 3005 Lajum
996 2919 1110 2985 occidit
1133 2919 1234 2983 fatalis
1257 2919 1341 2983 filius

317 3038 446 3113 obvius,
479 3036 626 3123 quodque
656 3036 797 3121 Pythone
828 3036 946 3102 editum
977 3036 1078 3102 fuerat
1106 3038 1269 3121 antiquum
1293 3059 1344 3102 ex·

317 3155 415 3241 plevit
447 3154 616 3219 oraculum.
652 3152 770 3218 Videns
802 3154 879 3219 acris
910 3152 1061 3239 Erinnys,
1090 3153 1201 3219 fortem
1223 3153 1339 3239 prolem

317 3274 385 3357 ejus
416 3271 530 3336 occidit
561 3270 653 3335 caede
683 3270 825 3335 mutua.''
860 3270 964 3355 Ipsius
994 3270 1148 3356 Erinnyos
1180 3270 1255 3335 haec
1280 3294 1342 3336 uua

316 3392 350 3455 in
381 3390 517 3454 Pindaro
547 3390 664 3453 mentio
695 3398 758 3465 est;
792 3412 827 3453 ea
853 3398 958 3453 autem
980 3390 1083 3454 illatas
1106 3412 1161 3474 per
1183 3388 1253 3475 LaJi
1276 3410 1341 3453 cae·

317 3510 391 3573 dem
413 3508 538 3572 fatalem
568 3505 753 3571 Labdacidis
784 3528 945 3573 aerumnas
977 3517 1137 3593 persecuta
1169 3516 1233 3584 cst;
1264 3529 1341 3592 quas

317 3648 482 3691 aerumnas
514 3632 676 3710 postquam
707 3631 798 3709 pocta
821 3624 881 3703 sic,
907 3632 944 3689 ut
965 3626 1221 3703 memoravimus,
1247 3626 1344 3691 brevi-

318 3748 380 3811 bus
411 3742 619 3829 gravibusque
651 3742 750 3807 verbis
781 3743 981 3821 memoravit,
1013 3744 1161 3809 continuo
1189 3744 1342 3823 ostendit,

317 3862 415 3927 fuisse
435 3862 529 3926 etiam
549 3868 706 3925 tantorum
728 3860 820 3925 finem
839 3860 992 3925 malorum
1012 3868 1043 3925 et
1062 3861 1176 3946 gaudia
1193 3862 1242 3927 illi
1261 3864 1346 3947 genti

317 3979 458 4072 reddita:
485 4000 555 4043 nam
580 3979 682 4043 statim
707 3978 884 4063 subjungit:
905 3989 1084 4064 „superstes
1104 3980 1243 4065 Polynici
1262 3980 1345 4047 filius

317 4099 515 4166 Thersander
539 4098 616 4175 fuit,
640 4099 673 4162 in
693 4097 884 4183 juvenilibus
909 4098 1129 4164 certaminibus
1152 4100 1248 4184 inque
1271 4099 1344 4165 belli

354 4300 380 4359 l)
400 4300 458 4348 Oed.
480 4298 528 4349 001.
548 4298 597 4347 214
615 4313 675 4363 seqq.

352 4395 379 4451 Β)
407 4394 444 4443 Vr.
470 4391 502 4443 tt
531 4392 650 4443 Scribitur
668 4398 717 4445 tout
739 4400 832 4461 Μοῖρα,
848 4407 880 4441 rr.
899 4392 930 4440 dh
950 4392 1092 4458 simpliciter
1110 4402 1202 4462 Μοῖρα,
1221 4393 1288 4443 ηιιΠο
1306 4394 1341 4443 rei

317 4488 469 4541 discrimine.
