3725 5542
1015 692 1057 749 48

522 892 586 955 sine
617 891 794 967 civitatum,
826 889 984 973 gentium,
1015 888 1129 951 civium
1157 889 1302 967 caritate,
1325 890 1380 973 qui
1403 891 1541 974 aliquam

521 1030 624 1071 eorum
649 1007 764 1092 gloriae
787 1007 1035 1071 communionem
1057 1005 1096 1069 od
1116 1028 1149 1069 se
1166 1006 1330 1071 referrent:
1352 1010 1542 1091 quinetiam

520 1126 677 1209 originum
709 1124 938 1189 consecratione
965 1123 1202 1188 clarissimarum
1230 1126 1389 1189 civitatum
1413 1135 1445 1190 et
1468 1150 1543 1211 gen·

521 1244 600 1306 tium
624 1244 707 1326 ipsos
731 1241 812 1304 Deos
836 1241 907 1305 lecit
931 1249 1086 1317 auctores,
1111 1249 1162 1319 ut,
1183 1264 1263 1325 quos
1282 1243 1443 1308 adorarent
1463 1266 1543 1308 mor·

521 1360 615 1437 tales,
638 1358 760 1423 eosdem
784 1359 910 1422 caritate
933 1358 1220 1443 complecterentur.

567 1476 713 1541 Graeciae
743 1498 814 1541 vero
844 1498 907 1560 quo
938 1477 1043 1541 studio
1069 1476 1224 1541 Pindarus
1252 1479 1362 1555 fuerit,
1386 1490 1543 1544 tentantur

522 1604 634 1660 cuncta
652 1598 718 1681 ejus
737 1596 872 1660 carmina
890 1596 923 1659 in
945 1596 1240 1679 praestantissimum
1261 1596 1373 1660 collata
1392 1597 1542 1662 Graeciae

521 1714 632 1777 decus:
665 1713 804 1777 oderitne
836 1713 981 1779 barbaros
1012 1714 1131 1792 nescio,
1165 1714 1220 1797 qui
1250 1715 1283 1777 in
1310 1713 1424 1777 odiosis
1447 1716 1541 1780 rebus

521 1830 582 1895 fere
613 1830 716 1895 siluit:
745 1830 799 1895 sed
826 1853 897 1909 eos,
926 1832 980 1914 qui
1003 1853 1059 1916 pro
1083 1830 1230 1895 Graeciae
1253 1831 1395 1895 libertate
1416 1833 1540 1897 fortiter

521 1949 666 2013 adversus
689 1950 799 2013 Medos
822 1958 1054 2034 pugnaverant,
1079 1949 1234 2034 praeclare
1258 1949 1405 2013 laudavit
1452 1950 1540 2015 Gete-

520 2090 587 2131 rum
611 2088 697 2131 auam
721 2068 787 2151 ipse
810 2066 919 2131 dilexit
942 2066 1059 2130 urbem.
1095 2067 1294 2151 Accepimus,
1320 2066 1404 2130 haud
1426 2090 1538 2152 magna

520 2186 635 2268 ingenii
658 2184 739 2248 fama
761 2184 935 2269 antiquitus
958 2186 990 2248 in
1014 2186 1141 2249 Graecis
1162 2186 1294 2250 Boeotos
1314 2187 1422 2250 inimo:
1444 2209 1538 2270 qnam

520 2303 719 2387 ignominiam
755 2303 828 2366 licet
862 2302 954 2366 laude
987 2326 1044 2366 sua
1074 2303 1166 2387 longe
1196 2305 1402 2390 superaverit,
1434 2314 1537 2368 tamen

520 2442 608 2503 aegre
639 2419 713 2483 tulit
742 2430 773 2483 et
804 2418 975 2503 abstergere
1008 2420 1118 2484 voluit.
1133 2422 1157 2504 ¹)
1203 2420 1398 2486 Herodotum
1420 2420 1539 2485 Theba·

520 2559 594 2601 num
618 2558 729 2600 canens
754 2536 880 2621 incipit:
905 2536 1029 2614 „Mater
1052 2559 1137 2615 mee,
1162 2537 1261 2601 clarae
1283 2538 1420 2615 Thebae,
1446 2550 1536 2602 tuum

519 2678 597 2742 opus
628 2655 752 2739 negotio
781 2655 871 2718 etiam
900 2657 1042 2739 superius
1070 2678 1199 2740 ponam:
1224 2654 1301 2739 qnid
1322 2655 1412 2721 bonis
1435 2657 1540 2720 carius

522 2795 614 2857 quam
638 2772 745 2837 dilecti
768 2781 908 2857 parentes
919 2772 992 2857 ΡΜ)
1037 2773 1098 2837 Sed
1121 2774 1174 2839 ille
1197 2776 1229 2838 in
1249 2775 1373 2858 quasvis
1391 2774 1537 2838 Graeciae

520 2892 658 2955 civitates
682 2891 837 2977 praeclara
858 2891 1022 2956 Musarum
1045 2892 1107 2956 tela
1129 2892 1314 2977 conjiciens,
1337 2892 1430 2986 modo
1454 2891 1537 2956 ferti·

519 3010 637 3074 litatem
669 3009 809 3086 Siciliae,
823 3004 849 3093 ³)
873 3009 965 3074 modo
989 3008 1125 3093 cyrenae
1148 3010 1421 3093 amoenitatem‚⁴)
1443 3008 1537 3074 modo

518 3128 625 3192 laudea
656 3127 909 3203 Atheniensium,
923 3130 949 3209 ⁵)
979 3126 1147 3192 Locrorum
1179 3127 1391 3192 fortitudinem
1419 3127 1537 3212 justiti·

519 3268 630 3330 amque
664 3244 860 3327 laudavit‚⁶)
895 3245 1016 3308 Aetnae
1052 3245 1135 3309 urbis
1170 3244 1348 3309 felicitatem
1378 3243 1535 3309 laudando

519 3364 648 3441 extulit,
677 3363 759 3447 quod
786 3385 889 3427 recens
913 3361 1039 3427 condita
1062 3362 1207 3427 Hieronis
1231 3363 1359 3429 victoria
1381 3363 1535 3427 illustrata

519 3490 615 3559 esset,
652 3481 706 3565 qui
741 3504 772 3543 se
809 3480 954 3544 victorem
989 3480 1137 3544 voluisset-
1173 3483 1343 3545 Aetnaeum
1378 3480 1534 3562 uocarizl)

518 3600 736 3685 impletamque
772 3606 867 3662 totam
899 3574 973 3662 suae
1003 3599 1170 3683 sapientiae
1193 3598 1284 3684 laude
1308 3598 1467 3663 Graeciam
1490 3622 1535 3662 re-

519 3740 587 3782 vera
612 3717 728 3801 optimo
752 3717 887 3781 caritatis
910 3716 1036 3780 viuculo
1058 3716 1225 3801 copulavit.

563 3838 682 3919 Atque,
718 3844 751 3899 ut
775 3859 792 3898 a
816 3834 924 3900 latiore
949 3835 1067 3921 patriae
1090 3836 1217 3899 caritate
1238 3834 1417 3899 recedamus
1441 3850 1470 3897 et
1494 3834 1533 3898 od

518 3954 709 4037 cognationis
745 3953 958 4037 amicitiaeque
993 3952 1152 4017 vinculum
1188 3952 1363 4017 veniamus:
1395 3951 1533 4017 Chromii

518 4070 642 4135 laudem
672 4091 742 4135 cum
775 4072 880 4135 matris
908 4094 942 4133 ac
969 4070 1103 4133 duorum
1130 4070 1262 4134 filiorum
1291 4069 1383 4133 laude
1408 4070 1534 4152 conjun-

552 4374 576 4435 1)
596 4375 633 4425 01.
655 4376 696 4424 Η.
713 4375 771 4425 151.
836 4371 1023 4434 ΜΛΝ.
1087 4370 1268 4432 3)01.Ῐ.19.
1326 4373 1351 4429 4)
1367 4369 1410 4434 ly
1428 4368 1474 4418 11.
1494 4368 1532 4417 15.

550 4470 753 4536 immi.
830 4466 1019 4527 noculo.
1083 4465 1268 4532 ὉΙμΗῦ.
