3725 5542
976 740 1041 801 276

501 938 561 1002 Sed
578 938 791 1003 tantummodo
807 938 895 1022 quasi
910 937 1071 1023 proverbio
1085 938 1242 1022 ingentem
1257 940 1417 1003 molestiae
1436 962 1519 1024 meg·

501 1058 673 1122 nitndinem
696 1057 860 1141 significari
880 1056 1028 1120 arbitror:
1059 1057 1317 1141 quemadmodum
1350 1058 1433 1143 apud
1459 1058 1519 1122 llo

500 1200 617 1240 merum
642 1177 679 1241 Il.
704 1176 721 1239 Ι
748 1179 810 1240 128
833 1186 939 1256 τριπλῇ
962 1188 1116 1257 reopant&
1138 1180 1167 1241 τ’
1185 1178 1374 1254 οὶπσσίσσμεν.
1411 1178 1517 1261 Atque

501 1296 592 1380 liujus
616 1297 734 1379 generis
755 1296 846 1359 etiem
862 1304 936 1359 sunt
955 1297 1022 1381 ipse
1042 1294 1190 1360 vocabulo
1206 1296 1383 1376 τρισάθλιος,
1399 1295 1516 1373 σοισοίσ-

499 1438 602 1495 μενος,
626 1416 781 1497 τρικυμία,
806 1412 876 1477 alia.

545 1538 597 1597 99.
632 1533 776 1598 ἁλίκεσσι.
813 1531 986 1615 Diligenter
1015 1531 1074 1595 hoe
1106 1530 1263 1615 epitheton
1288 1530 1377 1594 addit
1401 1530 1514 1609 Poeta,

499 1655 535 1711 ut
558 1647 589 1710 hi
614 1648 758 1711 convivae
782 1654 978 1732 opponentur
1000 1647 1245 1723 immortalibus,
1270 1648 1324 1732 qui
1347 1648 1438 1711 etiam
1455 1648 1515 1733 ipsi

498 1764 535 1828 ed
559 1764 681 1829 Tantali
700 1766 806 1850 epulas
825 1775 979 1829 venerant.
1011 1764 1126 1828 Similis
1147 1773 1249 1829 eutem
1271 1766 1415 1829 dictionis
1432 1766 1517 1829 oolor

499 1892 545 1947 est
568 1883 650 1968 epud
674 1883 862 1967 Aeschylum
886 1883 989 1947 Prom.
1015 1886 1034 1946 8

632 2004 666 2067 τὸ
688 2003 737 2066 σὸν
759 2003 819 2082 γὰρ
841 1995 923 2074 delo}
946 2001 1113 2081 παντέχνου
1137 2003 1224 2082 πυρὸς
1247 2002 1338 2072 σε’λοος

632 2122 753 2195 θνητοῖσι
776 2121 893 2201 κλέψαις
916 2122 1042 2185 ὤπασεν.

499 2236 546 2300 Cf.
571 2238 684 2303 ibidem
711 2241 763 2302 83.

545 2360 618 2421 101.
654 2353 722 2422 οἶσιν
747 2355 879 2437 ἄφθιτον.
917 2356 1096 2421 Ambrosiee
1127 2378 1203 2419 usus
1234 2356 1273 2419 ad
1304 2354 1515 2419 immortalite

496 2482 557 2538 tem
589 2474 821 2560 impertiendum
856 2482 1045 2539 memoratur
1076 2475 1170 2538 etiem
1201 2496 1219 2537 e
1250 2472 1432 2550 Theocrito,
1465 2472 1513 2535 Id.

497 2591 558 2655 XV
585 2596 658 2657 108.

610 2712 702 2792 Κύπρι
726 2712 874 2794 Διωνοιίοο,
899 2712 937 2775 σὺ
961 2713 1015 2787 μὲν
1036 2710 1189 2775 atavam
1211 2710 1271 2774 ιὀσσό
1293 2712 1417 2791 θνατοῖς,

608 2830 759 2907 ἀνθρώπων
782 2833 818 2900 ὥς
841 2833 945 2907 μῦθος,
969 2831 1107 2905 ἐποίησας
1132 2830 1296 2906 Βερενίκοον.

607 2948 774 3027 ἀμβροσίοιο
798 2952 826 3019 ἐς
849 2950 951 3023 στῆθος
974 2946 1177 3022 &emelim
1202 2948 1348 3023 νννοιιιοός.

497 3066 538 3129 Et
560 3068 598 3130 ad
623 3066 756 3131 dandam
779 3067 973 3131 divinitatem
993 3067 1032 3130 ah
1051 3065 1182 3143 Ouidio,
1198 3065 1324 3129 Metam.
1342 3062 1420 3128 XIV
1437 3065 1512 3139 607,

495 3186 547 3249 uhi
574 3184 679 3249 Venus
704 3185 826 3250 Aeneae

689 3302 842 3367 ambrosio
866 3324 938 3365 eum
961 3302 1045 3365 dulci
1071 3309 1194 3365 nectere
1216 3302 1315 3365 mixto

495 3422 635 3507 Contigit
659 3444 694 3486 os
718 3422 851 3505 lecitque
874 3421 988 3485 Deum.

544 3543 616 3605 103.
652 3540 788 3617 λαθέμεν.
825 3536 898 3603 Non
927 3546 975 3602 eat
1004 3538 1137 3602 aoristus
1160 3537 1325 3613 infinitivi,
1350 3534 1403 3598 sed
1427 3555 1512 3618 pree

495 3682 574 3723 seue.
623 3658 714 3722 Hom.
742 3656 781 3721 Il.
807 3656 837 3719 X
862 3659 926 3722 279
950 3656 1013 3721 οὐδέ
1035 3682 1069 3722 σε
1092 3658 1179 3731 λήθω.
1226 3654 1320 3740 Soph.
1347 3655 1421 3717 Ant.
1447 3654 1510 3714 532

494 3776 621 3851 λήθουσά
643 3779 677 3854 μ’
701 3774 839 3853 ἐξέπινες.

542 3898 615 3959 105.
651 3902 787 3975 προῆκον.
823 3891 974 3957 Similiter
1009 3890 1048 3954 de
1082 3889 1275 3955 demittendo
1310 3912 1327 3952 e
1362 3885 1448 3952 coelo
1479 3886 1512 3949 iu

492 4022 603 4077 terrem
635 4012 693 4076 hoo
725 4012 852 4075 verbum
885 4020 932 4074 est
959 4010 1042 4094 apud
1067 4009 1260 4086 Homerum,
1284 4006 1324 4071 Il.
1346 4009 1432 4083 195,
1458 4004 1512 4069 ubi

492 4129 576 4193 Juno
595 4128 765 4192 Minervam
787 4128 840 4208 πρὸ
861 4128 921 4207 γὰρ
943 4126 993 4203 ἧκε
1012 4128 1065 4192 θεοὶ
1083 4127 1255 4197 λευκώλενος
1272 4125 1361 4204 Ἤρη,
1384 4131 1416 4187 et
1435 4124 1511 4186 208.

543 4250 616 4311 106.
651 4250 685 4311 oi.
737 4246 787 4309 Ita
809 4244 860 4309 hio
884 4245 1007 4309 dativus
1030 4268 1098 4310 cum
1124 4245 1244 4330 reliqua
1266 4242 1419 4307 sententia
1443 4262 1514 4304 eou-

491 4368 620 4451 junetus
644 4388 710 4428 esse
736 4365 836 4449 putari
861 4372 980 4448 potest,
1004 4387 1065 4427 non
1090 4372 1125 4427 ut
1150 4363 1319 4447 significet,
1343 4360 1381 4424 ad
1402 4358 1513 4422 Tenta-

456 4530 465 4547 .
495 4484 558 4547 lum
591 4506 696 4547 tumus
729 4482 825 4545 lilium
864 4482 1028 4546 demissum
1058 4504 1140 4558 esse,
1164 4480 1216 4543 sed
1241 4488 1343 4543 tomen
1367 4478 1404 4541 ad
1428 4476 1513 4540 illius
