3725 5542
824 747 885 807 467

344 953 420 1016 dum
448 957 539 1035 putat
569 956 726 1029 τριακοστῇ
758 945 841 1026 τρίτῃ
868 943 1007 1022 Πυθιάδι,
1032 964 1161 1026 eamque
1185 964 1271 1005 snam
1296 963 1365 1006 con·

341 1072 492 1154 jectursm
514 1088 579 1132 uon
602 1064 749 1129 audacem
773 1061 826 1125 sed
850 1069 964 1124 certam
988 1079 1052 1124 esse
1077 1059 1215 1124 affirmat.

334 1345 339 1354 ·
393 1309 421 1368 l.
458 1303 623 1368 Monemur
645 1302 679 1365 in
701 1299 847 1376 scholiis,
870 1307 989 1362 mdrem
1012 1297 1107 1360 luisse
1130 1304 1167 1359 ut
1191 1296 1360 1360 victoribus

345 1421 543 1486 adhiberetur
566 1440 688 1484 carmen
712 1416 910 1493 Archilochi,
937 1436 1060 1500 vespere
1084 1412 1245 1498 Olympiae
1269 1413 1365 1476 victo·

345 1539 423 1603 riam
453 1544 638 1623 reportatam
670 1535 914 1601 celebrantibus:
949 1533 1124 1618 exemplum
1151 1533 1245 1618 hujus
1269 1531 1363 1596 moris

347 1657 405 1721 hoc
436 1656 504 1720 loco
535 1656 699 1721 cernimus.
734 1653 864 1718 Venisse
887 1659 991 1716 autem
1015 1649 1238 1714 Archilochum
1261 1651 1362 1734 ipsum

346 1772 541 1858 Olympiam,
569 1772 674 1856 ibique
697 1771 787 1835 illum
810 1771 959 1855 hymnum
984 1769 1190 1854 composuisse
1214 1769 1246 1832 in
1270 1767 1364 1832 hono·

345 1912 410 1954 rem
441 1889 603 1967 Herculis,
634 1888 781 1954 ludorum
813 1886 993 1951 conditoris.
1041 1885 1114 1949 Fuit·
1145 1886 1210 1970 ejus
1238 1884 1363 1949 initium

346 2007 540 2093 hujusmodi:

772 2125 932 2199 Τήνελλα,

548 2239 569 2306 ὦ
591 2242 742 2306 καλλίνικε
764 2243 848 2321 χαῖρ’
870 2237 949 2316 ἅναξ
970 2237 1137 2320 Ἡράκλεις,

548 2358 636 2430 αὐτος
658 2383 693 2423 τε
716 2357 765 2421 καὶ
788 2355 899 2430 Ἰόλαος
922 2357 1068 2437 αἰχματδο
1091 2356 1148 2421 δύο.

346 2476 387 2539 Et
417 2476 516 2560 primo
547 2476 672 2560 quidem
703 2496 779 2539 sono
810 2482 902 2559 poeta
933 2495 1008 2538 usus
1032 2473 1132 2538 fuerat
1156 2493 1211 2558 pro
1235 2471 1361 2536 exordio

347 2594 501 2676 citharae,
532 2601 694 2678 propterea
724 2592 808 2676 quod
837 2600 904 2657 tum
936 2613 1000 2656 nou
1027 2591 1132 2656 aderat
1154 2590 1360 2655 citharoedus.

348 2710 448 2776 Affert
470 2709 637 2775 scholiasta
661 2712 751 2775 etiam
778 2732 898 2774 versum
921 2708 1155 2795 Aristophanis,
1181 2709 1237 2793 Eq.
1263 2711 1303 2774 27
1308 2711 1327 2772 6

460 2832 530 2894 ἀλλ’
553 2829 605 2893 ἐὰν
627 2829 725 2906 μέντοι
748 2853 786 2907 γε
809 2837 890 2912 νικᾷς
912 2838 950 2911 τῇ
973 2829 1029 2909 βοῇ
1052 2829 1189 2904 τήνελλος
1213 2823 1248 2893 εἶ.

392 2948 423 3010 3.
458 2947 622 3018 καλλίνικος
642 2945 814 3024 δτςιτλόος.
851 2945 1064 3009 Aristarchum
1081 2944 1211 3028 legimus
1227 2947 1260 3009 in
1277 2945 1362 3008 seho-

344 3061 398 3125 liis
418 3061 532 3146 triplex
547 3083 668 3126 carmen
684 3063 729 3125 ita
744 3062 938 3146 exposuisse,
955 3059 1038 3146 quod
1054 3063 1149 3125 trium
1166 3061 1360 3146 stropharum

344 3177 469 3243 luisset:
496 3176 732 3243 Eratosthenem
755 3201 842 3260 vero,
863 3178 948 3262 quod
962 3186 1009 3242 ter
1025 3179 1213 3242 accineretur
1229 3178 1362 3243 callinici

345 3317 458 3361 nomen
473 3295 615 3360 Herculi:
633 3304 727 3381 atque
743 3296 819 3361 aliae
836 3296 928 3360 etiam
946 3296 1164 3380 explicationes
1181 3295 1360 3363 afferuntur.

345 3413 498 3500 Equidem
523 3416 706 3480 senteutiam
727 3415 940 3480 Eratosthenis
961 3438 1086 3500 sequor,
1103 3423 1263 3502 propterea
1279 3416 1363 3502 quod

346 3531 518 3610 Pindarus,
542 3534 642 3618 ipsum
667 3533 757 3617 quasi
779 3533 928 3618 hymnum
953 3533 1130 3598 callinicum
1154 3555 1280 3612 vocaus,
1298 3557 1363 3600 arc-

345 3658 439 3734 teque
461 3652 659 3736 *conjungens
689 3651 855 3724 καλλίνικος
884 3653 898 3716 d
921 3652 1056 3732 τριπλόος
1079 3653 1250 3732 κεχλαδὼς,
1275 3652 1362 3716 lucu·

343 3767 442 3831 lenter
465 3767 619 3846 ostendit,
642 3775 690 3833 ter
713 3769 854 3834 sonuisse
876 3769 956 3833 illnd
980 3769 1173 3834 vocabulum.

390 3886 421 3948 3.
456 3886 620 3965 κεχλαδώς,
655 3885 791 3951 Maxime
807 3886 846 3951 de
862 3887 1046 3951 ebullitione
1063 3894 1093 3952 et
1109 3887 1226 3952 fervore
1243 3887 1303 3951 dici
1320 3891 1363 3953 vi·

344 4001 452 4064 detur:
477 4002 733 4086 quemadmodum
758 4003 905 4085 καχλάζον
929 4002 980 4068 Ol.
1005 4003 1069 4070 VH
1094 4004 1169 4069 ilde
1184 4027 1252 4070 rore
1269 4028 1360 4071 uvae:

346 4118 457 4183 Aesch.
482 4117 566 4205 Sept.
591 4119 626 4184 0.
650 4119 708 4184 Th.
737 4124 800 4184 114
824 4122 870 4185 via
894 4120 1030 4187 hostium
1047 4144 1116 4187 oum
1134 4123 1251 4208 impetu
1269 4127 1360 4190 meris

346 4239 444 4304 ventis
467 4240 577 4323 agitati
599 4248 798 4326 eomparatur

659 4366 743 4438 κῦμα
765 4360 825 4441 γαρ
848 4360 911 4440 περὶ
936 4359 1038 4426 πτόλιν

658 4477 853 4560 δοχμολόφων
875 4479 980 4558 ἀνδρῶν
