3725 5542
985 708 1049 769 270

509 904 663 968 Theocrit.
692 902 756 969 VH
784 907 845 969 103
869 906 954 970 πέδον
974 904 1043 971 ὅστε
1065 907 1232 989 λέληκας.
1271 909 1452 975 Posterioris
1475 934 1525 997 ge·

510 1024 590 1087 neris
622 1032 668 1088 est
698 1023 748 1087 hic
779 1023 883 1102 loona,
914 1032 980 1089 tum
1013 1026 1066 1112 Py.
1098 1027 1133 1090 Π
1165 1030 1206 1091 50
1233 1030 1291 1093 τιὶν
1316 1030 1432 1113 (Ἦραν)
1456 1030 1524 1103 Διὸς

510 1142 590 1207 edred
620 1143 732 1224 λάχεν,
765 1150 796 1206 et
825 1142 955 1207 Theocr.
986 1143 1033 1209 [V
1055 1148 1098 1208 4⁰
1122 1152 1164 1212 τῶ
1186 1153 1299 1225 exter&
1321 1147 1470 1229 διέμενος,
1494 1146 1524 1219 ὅς

510 1284 550 1337 με
572 1260 721 1341 λελόγχν.

557 1381 606 1441 85.
644 1377 762 1457 dccccl.
809 1378 869 1443 Vel
899 1380 937 1443 ad
959 1380 1110 1462 λέλογχεν
1117 1430 1126 1459 ,
1151 1380 1200 1446 vel
1223 1381 1262 1446 ad
1284 1383 1456 1464 ιιιικιιγόριις
1479 1406 1524 1448 rc·

510 1496 580 1561 l'erri
611 1504 713 1582 potest
743 1498 802 1561 hoc
833 1497 1023 1563 adverbium.
1070 1498 1102 1563 si
1133 1502 1287 1585 posterius
1317 1524 1421 1567 rerum
1456 1510 1522 1579 cst,

510 1614 633 1680 videtur
662 1618 803 1700 quamvis
831 1616 931 1681 brevis
956 1619 1054 1683 oratio
1077 1636 1147 1682 cum
1172 1640 1271 1703 poena
1294 1621 1407 1705 pariter
1430 1622 1523 1685 etiam

509 1734 690 1819 pravitatem
727 1734 795 1799 vitii
830 1735 1002 1814 declarare,
1038 1758 1134 1821 quum
1169 1737 1291 1802 nullum
1321 1739 1430 1803 vitium
1461 1740 1546 1804 lere'

509 1851 629 1916 facilius
652 1852 742 1917 abeat
757 1853 789 1917 in
806 1854 1060 1919 consuetudinem
1077 1877 1170 1940 quam
1183 1856 1411 1935 maledicentia,
1429 1862 1523 1941 atque
1567 1868 1572 1875 '

509 1970 550 2046 is,
584 1970 639 2053 qui
662 1971 703 2034 sit
725 1972 906 2053 κακάγιρις,
930 1973 1021 2056 quasi
1042 1974 1213 2037 necessario
1236 1975 1328 2037 etiam
1351 1976 1392 2037 sit
1413 1975 1523 2051 θιιμινιὶ

509 2088 681 2168 ιιινκιέγιρις.
710 2088 843 2175 ⁵llerum
874 2112 910 2153 ea
940 2091 1104 2176 explicatio
1130 2092 1207 2155 mihi
1230 2092 1352 2156 videtur
1375 2091 1522 2177 argutior.

510 2206 543 2270 Si
566 2205 606 2269 ad
627 2207 777 2288 λέλογχεν
799 2208 947 2286 refertur,
971 2211 1065 2273 etiam
1087 2209 1204 2295 duplex
1227 2232 1291 2274 ease
1311 2216 1414 2296 potest
1428 2210 1523 2295 expli·

509 2326 608 2390 catio:
641 2333 696 2390 aut
725 2334 760 2389 nt
791 2327 997 2411 significetur,
1029 2350 1118 2406 eum,
1146 2329 1201 2413 qni
1227 2328 1408 2405 maledicat,
1431 2349 1523 2413 saepe

508 2442 610 2508 clades
625 2444 780 2508 invenire:
798 2452 865 2524 aut,
882 2466 973 2530 saepe
989 2445 1048 2511 hoe
1063 2446 1144 2525 fieri,
1161 2454 1198 2511 ut
1212 2447 1253 2524 is,
1270 2448 1325 2531 qni
1340 2446 1521 2524 maledicat,

507 2564 539 2627 iu
563 2563 680 2628 cladem
707 2563 853 2628 incurrat.
883 2562 1001 2628 Verum
1021 2566 1105 2630 verbi
1125 2565 1309 2650 significatio
1325 2566 1457 2652 priorem
1477 2566 1523 2630 in·

508 2682 756 2768 terpretationem
786 2704 849 2747 non
879 2683 1002 2748 videtur
1031 2683 1210 2761 admittere,
1234 2706 1332 2768 quum
1354 2684 1524 2765 λαγχάνειν

507 2823 568 2865 non
600 2799 721 2864 dicatur
755 2799 794 2863 dc
824 2799 909 2864 brevi
939 2800 1074 2885 quadam
1096 2808 1129 2865 et
1150 2801 1239 2865 lacile
1262 2802 1443 2886 repetenda,
1468 2801 1522 2865 sed

507 2918 546 2981 de
581 2917 673 2981 semel
704 2924 874 3001 occupante
909 2926 941 2982 et
970 2928 1120 3003 perpetua
1149 2926 1241 2983 sorte.
1287 2918 1396 2984 Restat
1426 2920 1522 3004 igitur

508 3036 557 3114 id,
590 3035 673 3120 qnod
696 3035 848 3113 diximus,
873 3058 963 3121 saepe
986 3035 1055 3100 lieri
1078 3044 1115 3100 ut
1137 3036 1287 3102 maledico
1311 3059 1411 3123 poena
1434 3036 1524 3102 obre·

505 3156 581 3221 niet.
621 3154 662 3218 Et
685 3178 719 3218 vs
746 3157 807 3219 103
832 3154 927 3219 Poeta
951 3155 1047 3233 dicit,
1071 3155 1196 3220 nullum
1218 3156 1404 3221 maleficium
1429 3157 1524 3222 latere

504 3273 598 3338 Deos.
646 3271 712 3337 Nec
747 3295 817 3337 vero
852 3272 930 3337 illud
964 3274 1074 3348 θιιμινιί
1105 3274 1144 3339 de
1174 3274 1324 3359 gravitate
1354 3275 1524 3339 sententiae

506 3392 655 3471 detrahit,
672 3393 759 3477 quasi
775 3392 800 3456 ai
817 3393 1051 3477 significaretur,
1065 3392 1235 3479 aliquando
1250 3415 1382 3479 poenam
1398 3392 1522 3457 evitari:

508 3532 613 3575 verum
641 3510 673 3574 in
697 3508 876 3595 hujusmodi
899 3512 1062 3576 sententiis
1084 3511 1204 3596 magnis
1226 3511 1366 3576 oratione
1389 3510 1525 3574 humana

508 3650 727 3715 saepenumero
751 3628 864 3692 dicitur
886 3627 918 3692 id
943 3629 1041 3693 solere
1063 3629 1147 3708 fieri,
1170 3630 1254 3715 quod
1273 3629 1443 3694 necessario
1460 3628 1524 3692 lieri

508 3748 627 3813 debeat.
674 3744 771 3810 Velut
799 3746 938 3829 pratae,
975 3746 1093 3825 solere,
1129 3747 1214 3833 apud
1245 3746 1459 3824 Herodotum,
1486 3766 1523 3810 eo

508 3865 602 3931 modo
632 3864 773 3950 ponitur,
802 3861 867 3927 VII
894 3865 932 3927 10
957 3863 1054 3947 φιλέει
1077 3865 1137 3947 γὰρ
1159 3867 1174 3928 c'
1195 3864 1256 3936 dade
1278 3870 1321 3930 rel
1342 3865 1525 3945 ὑπερέχοντα

509 3984 611 4049 πάντα
633 3983 759 4048 κελεύειν
766 4031 775 4064 ,
804 3990 835 4046 et
857 3984 1029 4062 ἐπειχθῆναι
1051 3982 1106 4061 μέν
1128 4007 1176 4048 νιιν
1198 3987 1261 4047 πᾶν
1282 3991 1411 4062 πρῆγμα
1432 3981 1525 4046 τίκτει

509 4102 704 4185 cadauera,
728 4100 839 4164 ἐκτῶν
862 4100 965 4179 ζημίαι
988 4100 1126 4178 μεγάλαι
1148 4099 1280 4181 φιλέουσι
1303 4099 1443 4177 γίνεσθαι.

556 4222 608 4282 85.
643 4218 667 4282 εἰ
690 4217 721 4282 δὲ
743 4217 776 4292 δή
799 4220 861 4283 τιν’.
903 4215 954 4281 Sic
977 4217 1031 4303 Py.
1055 4216 1109 4281 ΙΠ
1136 4219 1197 4281 151
1220 4217 1355 4298 τύραννον
1377 4217 1525 4296 δέρκεται,

509 4338 537 4403 εἴ
557 4338 611 4403 τιν’
633 4336 794 4417 ἀνθρώπων.
830 4336 962 4399 Ovidius
984 4335 1112 4400 Metam.
1136 4334 1184 4399 VI
1210 4337 1272 4401 178
1296 4333 1447 4398 Tantalus

634 4454 694 4518 Cui
717 4452 806 4517 licuit
830 4452 887 4517 soli
910 4452 1101 4540 Superorum
1123 4466 1249 4538 tangere
1272 4475 1401 4516 mensas.
