3725 5542
878 716 942 776 261

401 922 431 978 et
455 937 523 979 eum
549 936 672 998 qnoque
695 913 868 979 canendum
893 937 958 979 esse
975 913 1140 998 significat:
1159 916 1273 979 etenim
1290 917 1329 980 ed
1346 918 1420 982 Hie·

400 1056 503 1097 ronem
529 1034 630 1098 venire
653 1056 714 1098 uon
739 1032 825 1097 aliud
848 1042 895 1097 est
918 1033 979 1097 nisi
1002 1031 1170 1097 Hieronem
1193 1034 1337 1119 amplecti
1358 1058 1421 1100 ear·

399 1152 499 1229 mine,
524 1152 645 1236 poetica
662 1152 818 1229 oratione,
839 1150 886 1215 vel
907 1150 1011 1237 potius
1031 1151 1153 1235 poetioa
1172 1173 1351 1236 expressum
1374 1154 1418 1218 rei

400 1271 549 1357 imagine,
575 1270 664 1355 plena
687 1270 839 1335 caritatis:
862 1268 951 1334 addit
971 1270 998 1334 ei
1014 1270 1141 1355 imagini
1156 1271 1420 1355 magnificentiam

401 1398 432 1455 et
455 1390 590 1475 copiam,
611 1389 790 1474 opulentam
806 1388 989 1473 beatamque
1005 1410 1088 1453 aram
1105 1389 1259 1454 vocando:
1277 1392 1321 1455 sio
1339 1393 1421 1456 enim

401 1509 546 1573 inseritur
569 1508 713 1573 Hieronis
737 1508 916 1573 divitiarum
940 1515 971 1572 et
994 1506 1190 1573 liberalitatis
1209 1507 1295 1592 laus,
1315 1532 1420 1594 quem·

322 1688 326 1697 ,
402 1626 566 1691 admodum
591 1648 624 1689 vs
650 1628 691 1688 18
716 1625 877 1710 dignitatis
901 1626 967 1710 ejus
991 1633 1023 1689 et
1045 1625 1121 1711 regii
1143 1626 1274 1710 imperii.

448 1746 500 1809 18.
534 1745 705 1822 θεμιστεῖον.
751 1741 826 1808 Non
856 1744 921 1829 ejus
944 1744 1088 1843 virtutis3
1113 1766 1192 1827 quae
1212 1744 1335 1829 justitia
1357 1751 1421 1824 est,

402 1862 585 1947 significatio
609 1870 672 1941 est,
697 1861 750 1927 sed
774 1863 967 1948 significatur
982 1864 1066 1948 regia
1080 1863 1253 1948 imperandi
1268 1872 1422 1949 potestas,

402 1982 556 2067 quomodo
580 1982 662 2067 apud
685 1983 855 2047 Homerum
878 1984 1012 2060 θέμιστες
1030 1990 1062 2047 et
1072 1992 1217 2065 σκῆπτρον
1228 1986 1421 2070 conjungun-

402 2108 453 2165 tur
475 2100 514 2165 Il.
538 2099 574 2165 Π
597 2103 673 2166 206.

490 2214 531 2291 εἷς
553 2218 714 2299 βασιλεὺς,
738 2214 759 2301 ᾦ
782 2219 867 2285 ἔδωκε
890 2219 993 2299 Κρόνου
1016 2227 1089 2291 παῖς
1112 2221 1328 2298 ἀγκυλομήτεω

490 2336 635 2419 σκῆπτρόν
657 2338 685 2401 τ’
708 2338 756 2413 ἠδὲ
778 2336 937 2415 θέμιστας,
962 2335 1008 2402 ἵνσι
1031 2338 1116 2418 σφθσι
1139 2338 1297 2420 βινσιλεθρ.

403 2456 445 2519 Et
474 2455 615 2521 similiter
647 2455 686 2519 ll.
718 2455 766 2519 Lll
798 2458 850 2521 99.
883 2454 978 2521 Haud
1009 2456 1159 2520 dissimile
1190 2457 1245 2542 Py.
1278 2455 1324 2520 [V
1357 2460 1421 2523 270

402 2578 535 2639 σκᾶπτον
558 2574 715 2656 μθνμρχσν.

448 2695 501 2759 20.
537 2693 653 2774 δρέπων.
700 2692 750 2757 Sio
773 2692 828 2778 Py.
854 2690 937 2756 195
962 2692 1071 2771 τιμιὶν,

583 2808 644 2875 σθεν
667 2811 743 2883 οὔτις
767 2812 916 2877 ’Euadnes
939 2810 1034 2893 δρέπει

403 2926 497 2992 Nem.
522 2928 556 2992 ΙΙ
584 2930 623 2992 18

734 3044 903 3123 Ἰσθμιιίδιιν
926 3045 1079 3125 δρέπεσθιιι

582 3164 741 3229 κάλλιπον
764 3162 866 3229 teror.

448 3282 571 3364 Ἀρεσμθ
593 3304 812 3368 saepenumero
836 3281 918 3368 apud
943 3281 1112 3347 Pindarum
1136 3290 1211 3346 sunt
1233 3281 1341 3347 laudes
1365 3283 1424 3345 vio·

404 3401 566 3466 turiurum:
598 3400 651 3465 sed
683 3401 741 3465 hoo
771 3400 840 3465 loeo
872 3400 1009 3486 cujusvis
1039 3399 1146 3463 laudes
1177 3400 1314 3485 generis,
1344 3422 1422 3484 quae

404 3542 504 3605 regem
546 3520 713 3598 ornabant,
753 3520 918 3604 significari
954 3518 1104 3596 arbitror,
1141 3526 1303 3604 propterea
1337 3518 1421 3602 quod

403 3638 516 3716 Hiero,
542 3638 679 3723 quamvis
699 3640 762 3724 jam
787 3637 911 3722 quidem
936 3637 1099 3724 Olympiae
1114 3637 1234 3715 clarus,
1252 3638 1302 3701 vix
1317 3644 1421 3701 tamm

402 3764 523 3842 poterat
557 3756 618 3821 diei
652 3758 768 3842 cepisse
803 3758 939 3822 culmina
974 3756 1012 3821 de
1047 3755 1192 3821 laudibus
1224 3755 1420 3820 victoriarum

402 3876 545 3941 omnibus
553 3925 563 3954 ,
589 3877 765 3961 praesertim
791 3898 886 3961 quum
902 3874 1042 3940 nondum
1057 3882 1243 3960 reportasset
1258 3873 1421 3960 Olympiae

403 3994 542 4059 curulem
566 3994 740 4072 victoriam,
766 4016 844 4079 quae
868 4002 933 4058 erat
957 3993 1092 4078 equestri
1114 3993 1226 4078 major:
1248 3992 1280 4056 ef
1292 4015 1327 4055 vs
1346 3994 1420 4057 175.

402 4112 551 4177 Similiter
573 4112 664 4177 Nem.
688 4112 706 4177 I
731 4114 771 4177 51
797 4116 825 4178 ἐν
848 4104 990 4194 κιρνῲιιΐς
1013 4114 1122 4190 θρεπῑιν
1144 4112 1308 4189 μεγάλαις.

449 4234 502 4295 22.
538 4230 696 4296 Sententia
727 4254 781 4316 per
808 4229 1057 4316 conjunctionem
1080 4230 1114 4294 δέ
1132 4228 1298 4314 respondet
1321 4228 1421 4312 proxi-

403 4350 461 4414 mis
484 4348 592 4427 δρέπων
614 4348 682 4431 μέν,
706 4372 760 4435 per
783 4349 910 4415 verbum
933 4349 1056 4414 finitum
1078 4346 1260 4428 ιὶμλιιθζεσιιι
1284 4346 1419 4430 superio-

404 4468 490 4533 ribus
513 4467 542 4541 ὃς
565 4470 713 4551 ἀμφέπει.
736 4468 839 4534 Verbo
861 4468 1022 4550 ιὶγλιιΐζειν
1041 4466 1224 4553 significatio
1239 4464 1418 4530 illustrandi
