3725 5542
816 762 880 824 403

637 961 721 1030 οτίτος
744 959 758 1024 ί
781 959 899 1024 πάντων
920 959 1004 1030 Ῥέας

638 1077 798 1156 ὑπέρτατον
824 1079 946 1157 ἐχοίσας
970 1077 1068 1158 ίρίοον.

347 1195 402 1279 Py.
425 1193 473 1258 IV
500 1197 561 1259 loo

487 1378 491 1384 ,
572 1313 791 1393 χαλαοίρματος
814 1312 898 1384 πίοις
920 1311 1108 1394 Ἀφροδίτας.

396 1431 470 1494 173.
506 1429 754 1509 χρυσαλακάτοιο.
793 1429 882 1509 Quae
921 1449 1013 1492 aureo
1052 1428 1118 1491 oolo
1157 1433 1279 1491 utatur:
1315 1433 1361 1489 est

349 1545 564 1610 tantummodo
594 1545 743 1611 muliebre
772 1546 874 1629 regiae
905 1545 952 1608 vel
982 1545 1032 1607 hio
1056 1543 1177 1607 divinae
1201 1542 1360 1627 dignitatis

352 1662 520 1748 epitheton.
584 1728 595 1746 ,

395 1782 469 1845 179.
506 1779 599 1851 τίσις.
636 1778 685 1843 Ad
702 1779 875 1864 exemplum
892 1778 1018 1842 ultimae
1034 1777 1167 1862 syllabae
1179 1776 1360 1862 productae,

348 1897 433 1984 quod
456 1921 492 1962 ex
509 1897 662 1982 Aeschylo
677 1897 709 1961 in
727 1897 808 1962 notis
824 1896 938 1961 criticis
956 1896 1062 1973 attuli,
1080 1896 1254 1960 conferatur
1269 1896 1360 1958 etiam

353 2015 479 2080 Heaiod,
503 2013 618 2100 Theog.
644 2017 709 2080 334

461 2130 579 2208 γείνατο
605 2131 692 2196 δεινὸν
715 2129 796 2213 ίΦιο,
819 2129 849 2202 ὃς
873 2133 993 2211 ἐρεμνῆς
1016 2129 1126 2196 ustam
1150 2131 1247 2207 γαίης.

397 2250 469 2311 180.
504 2249 580 2324 ίμῶο
605 2249 631 2313 δ’
652 2246 755 2326 ὕμνον.
791 2248 905 2312 Mirum
943 2247 1168 2331 quodammodo
1203 2245 1361 2322 videatur,

351 2364 519 2428 carminum
554 2363 676 2428 laudem
712 2363 917 2428 commendari
950 2363 1117 2448 Neptuno,
1153 2385 1243 2446 quem
1278 2360 1361 2426 haud

350 2481 424 2544 uatis
454 2488 575 2544 constat
604 2479 742 2565 poeticae
772 2481 830 2544 arti
861 2479 1001 2545 deditum
1031 2480 1142 2545 inisset
1167 2501 1272 2544 verum
1297 2479 1363 2564 pias

351 2597 396 2680 pii
425 2596 553 2662 Pindari
583 2619 687 2682 preoeu
718 2597 787 2683 quie
817 2597 953 2661 Deorum
983 2618 1045 2662 nou
1077 2595 1290 2662 exaudiverit?
1322 2595 1364 2660 Ilt

350 2720 432 2776 een-te
455 2721 540 2777 traua
562 2734 645 2778 mure
667 2713 793 2778 serendo
817 2721 847 2778 et
870 2715 983 2798 Ageaiu
998 2711 1129 2778 tutando
1145 2720 1265 2798 poterat
1281 2711 1363 2796 Nep·

351 2835 446 2892 tanus
470 2851 581 2913 augere
603 2830 731 2894 Pindari
754 2831 923 2894 carminum
947 2831 1088 2915 glutiam.

394 2945 537 3010 Ceterum
561 2947 690 3030 Agasias
713 2947 927 3034 Stymphaliae
951 2947 1091 3012 centurio
1114 2967 1203 3030 saepe
1218 2966 1364 3009 memora·

351 3068 403 3125 tur
433 3084 452 3125 a
472 3060 697 3147 Xenophonte,
722 3065 822 3133 Anah.
846 3063 883 3130 L.
907 3065 955 3128 lv
978 3063 1013 3129 G.
1037 3063 1054 3129 Ῑ
1079 3066 1120 3129 37
1131 3114 1140 3141 ,
1165 3063 1190 3128 Ο
1212 3061 1278 3126 VII
1305 3065 1362 3140 ll,

351 3175 388 3240 Ι..
421 3176 468 3240 VI
498 3177 533 3242 Ο.
566 3177 613 3242 IV
646 3182 704 3243 ll:
728 3189 759 3245 et
782 3182 910 3266 Ageuiau
932 3181 1027 3246 Eleus
1051 3188 1152 3258 vates,
1177 3177 1214 3243 L.
1241 3177 1304 3242 VII
1328 3175 1363 3242 O.

351 3292 434 3358 VIII
467 3297 518 3358 10.
565 3296 685 3359 nauem
712 3297 922 3384 Stymphaliae
946 3299 1085 3363 centurio
1107 3297 1144 3362 L.
1169 3295 1215 3363 IV
1239 3293 1274 3360 (l.
1300 3293 1365 3360 VII

353 3413 406 3476 13.
441 3409 557 3476 Verum
588 3435 640 3477 eos
672 3415 809 3498 attigisse
838 3437 936 3501 genus
969 3415 1099 3499 Agesiae
1122 3417 1204 3500 ejus,
1229 3414 1283 3497 qui
1306 3411 1365 3475 hoe

350 3530 483 3592 carmine
506 3529 644 3608 canitur,
670 3537 701 3594 et
723 3529 863 3617 choragi,
887 3531 971 3595 haud
996 3529 1192 3595 affirmavero.

765 3772 955 3782 n*—

710 3926 904 3993 OLYMPIA
931 3925 1007 3991 VII.

400 4123 566 4206 Diagoras,
592 4119 771 4204 Demageti‚
795 4124 831 4181 ut
853 4116 989 4180 ostendit
1012 4115 1108 4180 Poeta
1130 4137 1164 4178 vs
1188 4115 1248 4191 32,
1265 4111 1363 4192 filins,

350 4263 387 4306 ex
416 4239 608 4305 nobilissima
638 4244 727 4322 geute
759 4233 950 4298 Rhodiorum
980 4233 1097 4319 Jalysia
1124 4231 1272 4296 oriundus
1296 4233 1364 4296 luit.

349 4357 457 4423 Tradit
486 4356 653 4440 Pausaniae
683 4352 720 4418 L.
744 4351 791 4417 Ill
815 4350 850 4416 (l.
875 4349 985 4414 XXIV
1011 4352 1027 4414 l
1052 4357 1084 4414 et
1106 4347 1143 4413 L.
1169 4348 1216 4412 Vl
1239 4347 1274 4412 C.
1299 4345 1364 4412 VII

355 4479 389 4555 l,
425 4475 630 4560 Demagetnm
658 4493 759 4559 regem
790 4469 943 4556 Jalyaium
974 4489 1010 4533 ex
1041 4465 1195 4553 Apollinis
1222 4465 1364 4550 Delphici

1189 4589 1244 4646 26⁵
