3725 5542
973 714 1037 776 :302

495 914 585 979 locus
608 936 674 979 eam
697 915 997 1001 interpunctionem,
1020 936 1113 1000 qnam
1133 915 1237 999 posui,
1259 914 1414 999 requirere
1434 915 1515 979 vide

494 1042 564 1109 tur,
596 1042 628 1096 et
657 1032 712 1096 illa
742 1033 839 1097 ultera
869 1032 1033 1119 explicatio
1065 1032 1172 1096 durior
1194 1056 1269 1097 esse.
1318 1033 1512 1118 Adjectiuum

493 1151 730 1233 comprimam
766 1151 880 1230 forma,
916 1173 979 1215 non
1009 1150 1234 1245 significatione
1267 1151 1419 1215 diversum
1448 1174 1512 1215 esse

493 1269 584 1334 credo
603 1269 642 1334 ab
661 1268 813 1355 adjectivo
831 1270 1040 1349 παλίντροπος.
1063 1268 1161 1333 Velut
1176 1270 1210 1333 in
1225 1268 1387 1354 Sophoclis
1403 1269 1512 1354 fragm.

498 1392 538 1451 14
561 1388 635 1452 edit.
661 1388 756 1453 Dind.

656 1504 728 1571 dccv
749 1506 780 1570 δὲ
802 1506 914 1583 δαίμων
936 1504 1036 1586 οὶνδρίς
1058 1507 1202 1585 εὐτυχοῦς
1225 1506 1260 1569 τὸ
1281 1506 1346 1584 πρίν

657 1622 830 1701 πλάστιγγ’
852 1624 944 1703 ἐρείσρρ
965 1630 1017 1689 τοῦ
1038 1622 1106 1701 βίου
1127 1625 1334 1702 παλίντροπον.

494 1739 558 1804 Ubi
591 1741 762 1818 πλάστιγγ’
795 1741 993 1805 emendatum
1027 1750 1091 1819 est,
1124 1762 1222 1825 quum
1245 1747 1335 1803 antea
1358 1740 1512 1823 legeretur

493 1856 630 1935 μάστιγ’.
677 1857 772 1939 Quod
794 1859 920 1943 quidem
944 1860 1103 1944 exquirere
1126 1880 1211 1922 nunc
1233 1880 1295 1922 nou
1320 1859 1441 1922 attirret.

540 1979 592 2041 70.
623 1976 658 2053 ἐξ
678 1974 712 2043 οὖ
734 2002 797 2057 περ.
829 1975 901 2041 Non
924 1976 964 2041 ad
988 1977 1203 2063 praecedentia
1224 1976 1300 2040 haec
1323 1977 1416 2040 refert
1431 1974 1508 2039 Kar·

492 2094 627 2171 etunius,
659 2116 763 2158 verum
791 2095 824 2158 in
848 2096 965 2179 protasi
987 2094 1089 2179 posita
1110 2116 1176 2158 esse
1198 2093 1371 2170 existimat,
1396 2091 1509 2176 epodo

492 2212 542 2274 sin
574 2233 643 2275 vero
671 2213 792 2275 institui
822 2234 910 2277 versu
935 2216 994 2279 78:
1018 2214 1069 2276 cui
1092 2211 1289 2296 explicationi
1313 2209 1423 2294 probat
1446 2230 1509 2273 uon

492 2329 613 2393 obstare
644 2332 895 2415 conjunctionem
924 2332 955 2395 δὲ
985 2339 1056 2415 post
1084 2332 1177 2395 idcirc
1206 2330 1348 2415 positam.
1394 2328 1510 2392 Tamen

492 2470 562 2511 cnm
594 2448 805 2533 superioribus
838 2449 912 2513 haec
935 2449 1096 2513 cohaerere
1119 2448 1229 2526 credo,
1253 2455 1285 2512 et
1306 2457 1429 2531 tempus
1451 2448 1513 2529 sig·

494 2566 629 2643 nificari,
653 2588 691 2630 ex
714 2588 777 2649 quo
800 2576 891 2645 πῆμοι
914 2568 1151 2648 πολιντριίπελσν
1175 2566 1345 2630 adductum
1364 2566 1421 2629 ait:
1442 2565 1513 2629 suia

490 2684 596 2768 junxit
625 2682 779 2747 Pindarus
810 2686 984 2747 nniversam
1017 2683 1055 2748 de
1085 2706 1189 2748 rernm
1217 2684 1424 2747 inconstantia
1446 2705 1513 2745 sen·

491 2802 621 2865 tentiam
651 2800 822 2865 laudationi
856 2800 1013 2865 felicitatis
1036 2802 1120 2886 ejus,
1144 2822 1224 2887 qnae
1246 2798 1356 2864 Cadmi
1378 2799 1511 2863 filiarum

360 2966 367 2979 .
492 2917 609 2981 fucum:
641 2926 709 2981 tum
736 2918 822 2981 illam
844 2917 1085 2983 inconstantiam
1108 2919 1201 2982 etiam
1224 2919 1256 2981 in
1280 2916 1438 2982 Cadmidis
1461 2940 1513 3002 ap

492 3034 630 3119 paruisse
661 3034 740 3098 dixit
769 3034 883 3101 diserte
914 3034 999 3117 ιἰλλῳ
1029 3036 1138 3117 χρόνῳ
1166 3038 1232 3121 jam
1258 3036 1307 3099 iris
1329 3035 1512 3121 praepositis

493 3150 568 3215 mali
601 3152 735 3217 insecuti
768 3132 1020 3218 commemoratio
1054 3164 1126 3237 apte
1157 3152 1333 3217 instituitur
1362 3152 1512 3237 significa·

493 3272 579 3335 tione
601 3273 759 3356 temporis.

541 3393 594 3455 70.
629 3390 758 3470 μόριμος.
794 3388 854 3454 Oui
876 3391 909 3454 in
933 3390 1006 3454 fatis
1029 3398 1095 3454 erat
1117 3391 1176 3455 hoc
1200 3389 1308 3453 iacere.
1348 3388 1512 3473 Exquisita

494 3506 626 3592 quadam
649 3508 776 3571 tristitia
797 3508 864 3592 ipse
886 3506 1029 3593 Oedipus
1051 3509 1171 3588 μίριρρς
1195 3506 1388 3591 appellatur,
1412 3528 1510 3591 quum

493 3624 527 3690 id
551 3624 737 3709 adjectivum
759 3626 936 3710 ceteroquin
962 3627 1036 3711 poni
1059 3626 1157 3690 soleat
1180 3626 1218 3689 de
1241 3625 1351 3703 rebus,
1375 3626 1510 3709 quaein

494 3742 564 3807 istis
588 3742 661 3806 sint.
765 3718 769 3725 Ι

541 3863 593 3925 78.
627 3858 709 3937 ίξσί.
746 3860 811 3924 Ant
834 3880 902 3925 cum
918 3863 1044 3942 Ἐριννὺς
1063 3862 1285 3946 connjnnctnm
1300 3870 1364 3939 ast,
1381 3861 1511 3947 epitheti

492 3978 607 4056 instar,
627 3977 782 4062 quomodo
802 3976 868 4054 ὀξὺς
886 3978 980 4060 Ἄρης
996 3979 1079 4063 apud
1095 3978 1283 4056 Homerum,
1300 3978 1340 4043 Il.
1356 3978 1422 4043 VH
1434 3982 1510 4044 33⁰.

494 4096 561 4159 Aut
583 4116 654 4159 cum
677 4095 806 4178 ἔπεφνε,
830 4104 867 4159 ut
888 4097 1080 4182 significetur
1102 4106 1229 4162 mutuae
1251 4096 1354 4161 caedis
1376 4096 1511 4161 Eteoclis

494 4221 526 4277 et
556 4212 712 4298 Polynicis
740 4216 838 4278 tristis
861 4216 1021 4280 acerbitas.
1058 4219 1123 4280 Aut
1146 4238 1215 4280 cum
1239 4216 1341 4281 ίδοῑσιι.
1386 4214 1429 4279 Et
1444 4216 1512 4300 ipsa

494 4330 619 4415 quidem
650 4328 754 4407 ίξίινρς
780 4333 813 4396 iu
845 4333 913 4396 visu
943 4334 1118 4418 saepissime
1150 4334 1360 4418 significatur,
1385 4334 1511 4397 reluta

494 4449 639 4529 Platone,
664 4448 794 4517 Phaedr.
820 4452 884 4515 250
909 4452 947 4529 d,
971 4450 1038 4531 ίψις
1060 4452 1121 4531 γὰρ
1144 4456 1214 4529 ίριῖν
1236 4450 1365 4529 ίξνιιίτνι
1386 4458 1444 4517 τῶν
1463 4452 1512 4516 διὰ
