3725 5542
953 624 1018 686 278

481 826 522 888 Et
546 824 627 910 apud
652 823 821 887 Pindarum
846 820 897 885 Ol.
924 821 971 884 VI
996 825 1035 886 97
1061 822 1170 886 lamus
1193 823 1375 908 Neptunum
1396 825 1497 909 appel-

480 945 600 1008 laturus
625 944 656 1005 in
681 939 815 1005 medium
841 939 1001 1003 descendit
1027 940 1191 1025 Alpheum.

532 1064 603 1126 117.
639 1062 652 1123 ὁ
684 1058 709 1122 δ’
742 1061 832 1138 αὐτῷ.
880 1057 1070 1142 Huiusmodi
1101 1070 1147 1123 est
1177 1070 1315 1124 veterum
1338 1068 1498 1145 poetarum

478 1178 618 1264 jucunda
641 1176 678 1240 de
703 1176 772 1239 Diis
796 1176 951 1252 narratio,
970 1176 1188 1261 superantibus
1204 1178 1297 1262 longe
1312 1177 1498 1242 celeritatem

484 1300 660 1373 hominurn,
692 1304 727 1359 ut
757 1317 845 1359 suum
876 1295 1064 1359 celeritatem
1092 1295 1125 1358 in
1148 1294 1323 1380 apparendo
1347 1318 1497 1381 opemque

483 1416 607 1482 ferendo
638 1414 812 1479 ostendant.
859 1413 909 1478 Sic
937 1413 1019 1499 apud
1044 1413 1215 1477 Homerum
1238 1436 1274 1477 eo
1298 1414 1383 1491 loco,
1407 1436 1498 1497 quem

483 1534 574 1599 modo
607 1533 786 1609 memoravi,
817 1531 924 1595 Thetis
948 1534 980 1595 in
1004 1531 1158 1616 profundo
1180 1533 1257 1595 mari
1281 1532 1390 1597 sedens
1413 1532 1499 1596 andi·

484 1654 529 1717 vit
551 1651 669 1727 lilium,
694 1658 741 1728 et,
768 1653 832 1713 359

585 1768 779 1850 νωρπνλίμως
803 1768 827 1831 δ’
851 1766 937 1831 ἀνέδυ
959 1776 1062 1842 mariq
1085 1768 1157 1838 ἁλὸς
1180 1767 1244 1842 ἠΰτ’
1267 1770 1391 1847 ὀμίχλη.

534 1890 605 1950 119.
640 1885 731 1965 φίλων
753 1886 836 1964 δῶρα.
873 1884 1083 1948 Pulcherrime
1105 1893 1254 1949 memorat
1276 1885 1388 1970 Pelops
1412 1906 1498 1963 eum,

485 2006 539 2089 qui
564 2004 644 2068 inter
667 2002 770 2088 ipsum
793 2008 825 2066 et
848 2002 950 2066 Deum
974 2003 1091 2079 fuerat,
1117 2025 1267 2080 amorem,
1293 2004 1382 2087 cujus
1403 2004 1502 2087 gratia

486 2143 569 2186 nunc
600 2141 724 2205 quoque
743 2142 877 2183 ‘manere
904 2118 1054 2184 debebat:
1086 2121 1153 2205 ipsa
1184 2128 1303 2184 tentum
1336 2120 1417 2184 doun
1444 2120 1502 2184 Ve-

485 2238 568 2303 neris
599 2237 772 2321 praedicat,
803 2258 865 2300 non
897 2236 1003 2314 addit,
1035 2260 1108 2301 ase
1130 2238 1185 2301 illa
1207 2237 1307 2302 Deum
1330 2239 1500 2322 accepisse:

487 2377 656 2441 provocans
679 2355 723 2418 sic
746 2351 784 2416 ed
805 2354 901 2439 ipsam
919 2355 1030 2418 amoris
1047 2354 1241 2421 dulcedinem
1257 2377 1315 2419 nec
1331 2355 1501 2420 mercedem

487 2473 577 2558 qnasi
599 2473 665 2557 ipse
689 2472 747 2537 sibi
771 2472 923 2555 flagitans.

535 2592 608 2653 122.
643 2592 736 2669 ἔγχος
759 2588 899 2669 χάλκεον.
936 2588 1051 2654 Crebro
1073 2590 1119 2653 sic
1142 2591 1235 2655 ctiam
1258 2591 1428 2669 Homerus,
1453 2612 1503 2655 ex-

488 2708 622 2792 primens
655 2707 761 2770 hastae
798 2707 958 2771 saevitiam
993 2729 1122 2791 eamque
1152 2707 1191 2771 ad
1222 2709 1327 2772 oculos
1359 2709 1502 2772 referens.

488 2825 578 2889 Conl.
603 2849 636 2889 vs
661 2828 680 2887 2
704 2825 850 2903 αἰθόμενον
872 2832 948 2905 πῦρ,
972 2829 1015 2889 40
1040 2829 1165 2907 caducei
1188 2826 1323 2905 λέβητος.

538 2945 610 3007 127.
634 2944 733 3021 κράτει
755 2943 784 3007 δὲ
806 2943 944 3009 πέλασον.
968 2943 1016 3008 Ol.
1040 2967 1083 3007 rs.
1100 2947 1154 3007 34.
1171 2944 1278 3030 Eurip.
1293 2944 1394 3031 Iphig.
1410 2944 1503 3009 Taur.

491 3063 555 3124 886
579 3060 694 3142 θανάτῳ
716 3062 856 3135 πελάσεις
877 3062 1024 3143 βάρβαρα
1044 3068 1143 3143 <tritam

537 3181 611 3244 127.
647 3180 720 3243 ἐπεὶ.
767 3180 941 3244 Difficultas
976 3181 1152 3244 certaminis
1182 3190 1214 3243 et
1243 3181 1425 3266 magnitudo
1456 3203 1507 3265 pe·

491 3295 582 3360 ricnli
605 3296 648 3359 ita
672 3306 950 3362 commemorantur
972 3299 1006 3362 in
1029 3298 1190 3382 precibus,
1214 3298 1424 3362 utensilium
1447 3298 1506 3363 Dei

491 3414 647 3498 flagitetur
686 3415 864 3499 impensius.
912 3415 1078 3480 Procorum
1117 3416 1348 3480 interfectorum
1382 3416 1508 3480 nomina

491 3538 634 3596 enarrant
656 3531 838 3595 scholiastae
861 3542 892 3595 et
914 3532 1082 3596 Pausanias
1105 3532 1142 3596 L.
1166 3532 1214 3596 VI
1237 3532 1272 3597 Ο.
1296 3532 1377 3596 XXI
1402 3536 1431 3598 7.

538 3650 612 3711 129.
647 3649 661 3711 ὁ
691 3650 803 3725 μέγας.
850 3649 909 3713 His
941 3673 973 3713 se
1001 3650 1068 3733 ipse
1090 3649 1128 3713 ed
1152 3650 1365 3714 fortitudinem
1388 3652 1507 3715 incitat.

493 3766 644 3851 Magnum
675 3768 863 3850 periculum,
896 3769 1016 3851 inquit,
1049 3788 1111 3831 uon
1142 3768 1242 3852 capit,
1272 3769 1293 3831 1.
1322 3790 1437 3833 enon
1459 3768 1511 3832 ad-

493 3884 589 3947 mittit
620 3884 719 3947 virum
753 3884 924 3963 imbellem,
954 3885 1092 3950 excludit
1116 3908 1203 3948 eum:
1228 3893 1263 3948 tu
1287 3907 1377 3970 ergo,
1401 3888 1428 3949 si
1451 3887 1510 3949 hoc

494 4000 663 4083 periculum
696 4001 782 4065 adire
812 4004 947 4087 cogitas,
981 4003 1053 4067 forti
1085 4003 1187 4066 auimo
1219 4004 1301 4066 esto!
1326 4004 1405 4067 mori
1427 4003 1508 4067 enim

492 4118 611 4181 cunctis
635 4126 680 4181 est
704 4120 912 4203 propositum,
938 4129 1000 4184 tam
1025 4120 1144 4206 ignavis
1161 4142 1253 4203 quam
1268 4120 1415 4185 fortibus:
1433 4120 1510 4204 quid

493 4256 565 4318 ergo
599 4235 688 4298 malis
723 4244 911 4301 senectutem
942 4260 1088 4321 quaerere
1119 4237 1281 4321 ingloriam
1313 4259 1405 4322 quam
1436 4259 1508 4304 cum

494 4350 632 4436 periculo
656 4352 785 4437 gloriam
809 4354 915 4438 sequi?
