3725 5542
829 752 869 809 no

336 953 531 1028 cecideruut,
562 960 669 1014 contra
699 949 906 1033 voluptatem:
938 950 1008 1027 alii,
1043 974 1138 1035 (laum
1172 977 1254 1018 acres
1283 964 1357 1017 tem·

338 1078 471 1155 pestatee
509 1070 593 1134 necti
627 1070 774 1143 fuissent,
811 1069 931 1133 bouum>
962 1071 1149 1154 profundum
1185 1074 1356 1137 infortunio

337 1197 499 1253 mutarunt
523 1187 606 1251 brevi
630 1195 779 1271 tempore.
796 1188 819 1269 ¹)

312 1378 317 1385 ‚
382 1305 443 1371 Sed
462 1306 536 1368 satie
554 1306 616 1389 jum
636 1303 839 1387 intelligitur,
860 1304 898 1366 ad
921 1304 1001 1367 Deos
1021 1328 1111 1371 omne
1130 1308 1234 1371 referri
1255 1307 1358 1370 mode-

335 1444 440 1486 ramen
468 1442 570 1487 rerum
593 1421 815 1498 humanarum,
841 1444 896 1485 uec
919 1443 977 1485 nos
1000 1432 1106 1486 nostra
1129 1446 1233 1508 regere
1256 1446 1357 1507 neque

339 1540 404 1605 ullo
427 1539 518 1603 modo
542 1539 647 1603 futura
670 1546 741 1603 ante
764 1560 853 1623 posse
876 1538 1046 1623 providere.
1088 1540 1260 1604 Dicendum
1283 1562 1355 1603 vero

336 1666 403 1733 est,
435 1657 526 1741 quale
556 1656 595 1719 eit
627 1655 762 1719 Deorum
786 1656 960 1741 imperium.
1008 1655 1182 1740 Benignum
1207 1679 1272 1721 esse
1292 1658 1354 1741 jam

335 1774 470 1837 vidimus
500 1772 647 1857 exemplis
670 1773 725 1849 iis,
750 1773 862 1855 quibus
887 1774 1032 1836 victoriae
1055 1775 1259 1837 certaminum
1285 1774 1355 1837 Diis

339 1891 550 1956 referebantur
573 1900 729 1975 acceptae:
755 1891 845 1954 simul
870 1891 1071 1975 intelligitur,
1096 1892 1238 1976 precibus
1262 1902 1293 1955 et
1311 1915 1357 1955 aa·

338 2010 462 2074 orificiis
494 2009 599 2093 quaeri
629 2008 764 2071 Deorum
798 2008 1057 2073 benevolentiam:
1090 2032 1156 2073 earn
1180 2018 1282 2074 autem
1308 2010 1357 2073 be-

336 2126 543 2191 nevolentiam
575 2146 696 2189 manere
729 2132 759 2187 et
783 2147 800 2188 a
822 2125 989 2209 majoribus
1021 2125 1097 2189 adeo
1129 2128 1289 2211 propagari
1317 2126 1355 2190 ad

336 2252 491 2329 posteros,
525 2244 608 2307 velut
638 2242 670 2305 iu
705 2242 872 2325 Agesia,²)
903 2243 953 2306 vel
982 2244 1015 2306 in
1045 2243 1190 2320 Jamidis,
1224 2267 1355 2327 quorum

335 2370 440 2426 ortum
478 2362 516 2425 ab
552 2360 696 2445 Apolline
732 2382 829 2444 genua
865 2360 897 2424 in
933 2360 1058 2425 Graecis
1089 2363 1202 2425 mansit
1228 2362 1357 2425 clarissi-

333 2502 431 2543 mum.
445 2480 470 2562 ³)
505 2476 565 2542 Sed
586 2478 725 2561 quamvis
746 2478 878 2541 maxima
898 2478 992 2541 fuerit
1013 2478 1149 2543 Deorum
1166 2479 1355 2564 benignitas,

332 2594 380 2659 vel
417 2594 519 2658 danda
549 2594 713 2670 felicitate,
748 2595 794 2657 vel
826 2595 999 2659 calamitate
1031 2596 1272 2681 compensanda,
1306 2597 1355 2659 vel

330 2713 410 2776 adeo
438 2710 626 2776 cumulanda
649 2710 792 2788 fortuna,
817 2713 1045 2777 meminerimus
1068 2721 1172 2776 tamen
1195 2736 1249 2791 ea,
1274 2736 1353 2797 quae

330 2838 422 2895 antea
445 2830 484 2893 de
507 2828 643 2893 Deorum
668 2830 805 2913 potentia
828 2830 1023 2915 scripsimus,
1048 2852 1141 2915 quam
1166 2831 1206 2893 sit
1226 2854 1243 2894 a
1263 2832 1351 2896 nobis

329 2949 460 3013 diversa.
508 2946 582 3031 Ipso
606 2969 641 3011 eo
665 2947 749 3025 loco,
775 2970 837 3032 quc
860 2949 991 3012 maxime
1015 2948 1167 3013 Pindarus
1192 2949 1274 3013 Deos
1298 2950 1351 3013 ho-

328 3068 492 3150 minesque
523 3064 665 3149 copulat,
697 3064 837 3149 utrisque
863 3066 1004 3129 tribuens
1032 3066 1159 3130 eandem
1183 3067 1350 3151 originem,

329 3192 433 3247 tamen
463 3181 618 3267 potentiae
649 3180 812 3245 discrimen
843 3182 876 3245 in
907 3205 943 3246 eo
975 3183 1080 3267 ponit,
1106 3184 1189 3266 quod
1212 3184 1351 3261 coelum,

327 3301 361 3365 in
387 3322 449 3385 quo
474 3298 527 3361 Dii
551 3296 708 3375 habitent,
733 3298 796 3362 labi
820 3320 882 3362 non
904 3300 1018 3383 possit,
1040 3321 1096 3363 nos
1116 3322 1187 3363 vero
1208 3300 1352 3363 mortales

327 3420 425 3481 simus
457 3424 489 3480 et
519 3416 614 3479 nescii
646 3415 701 3478 lati
730 3417 884 3499 sortisque
907 3417 1041 3480 futurae.
1088 3416 1284 3501 Quapropter
1307 3417 1352 3480 in·

328 3532 534 3619 telligendum
566 3542 629 3609 est,
654 3532 818 3616 temperari
841 3532 885 3595 ita
907 3556 926 3595 a
949 3533 1017 3596 Diis
1041 3556 1088 3596 res
1112 3534 1290 3610 hominum,
1316 3542 1353 3597 ut

326 3660 480 3738 perpetua
502 3672 537 3714 ac
560 3650 694 3735 perfecta
717 3650 782 3713 sine
808 3649 894 3713 clade
920 3650 984 3714 ulla
1003 3652 1050 3714 vel
1069 3651 1207 3736 periculo
1227 3652 1352 3715 fortuna

327 3772 442 3833 horum
466 3790 530 3831 esee
554 3790 616 3831 non
639 3766 753 3852 possit:
779 3766 837 3830 hoc
862 3768 944 3831 enim
968 3767 1069 3852 ipsum
1094 3767 1156 3832 labi
1180 3790 1243 3832 non
1262 3790 1351 3852 posse

322 3884 551 3997 immortalium
582 3884 742 3968 proprium
770 3892 833 3960 est,
863 3904 924 3946 uon
950 3883 1120 3948 hominum.
1133 3885 1157 3969 ⁴)
1204 3884 1254 3947 Ad
1278 3884 1352 3948 Hie·

324 4025 436 4068 ronem
459 4002 550 4086 regiis
574 4002 685 4087 opibus
710 4010 740 4065 et
763 4000 907 4085 Olympia
930 4001 1066 4085 equestri
1085 4002 1214 4066 victoria
1233 4003 1350 4067 clarum

322 4121 438 4186 scribit
461 4119 584 4203 quidem
609 4120 666 4197 ita,
692 4127 728 4182 ut
751 4117 857 4182 laudet
880 4120 946 4203 ejus
970 4119 1125 4184 fortunam
1149 4142 1348 4205 magnopere,

326 4314 524 4330 ἡ

363 4438 386 4500 l)
407 4438 645 4503 01.111.4,seqq.
871 4438 895 4499 2)
913 4436 982 4486 Conl.
998 4454 1054 4501 paq.
1071 4437 1113 4486 ³8.

363 4536 389 4595 3)
410 4534 447 4582 01.
469 4534 510 4583 VI.
529 4532 585 4583 120.
603 4534 672 4583 Conl.
684 4550 740 4598 pap.
758 4532 798 4583 28.
864 4536 889 4594 4)
908 4534 972 4583 Nem.
995 4535 1035 4583 VI.
1051 4532 1130 4583 initio.
1147 4532 1219 4582 Ocni.
1232 4548 1290 4598 m,
1308 4532 1348 4582 18.

1188 4628 1224 4687 3}
