3725 5542
810 759 874 820 441

337 967 473 1032 cidamm
508 967 540 1029 in
575 962 724 1049 capiendo
758 960 818 1024 Ilio
853 959 961 1044 gloria.
1011 949 1055 1021 lle
1089 959 1213 1023 oraculo
1245 959 1350 1042 Olym·

338 1085 406 1170 pico
437 1083 607 1148 videbimus
636 1080 675 1144 ad
708 1103 740 1142 vs
775 1081 832 1142 10:
867 1100 970 1142 verum
995 1075 1072 1140 illud
1098 1075 1252 1161 Apollinis
1276 1077 1350 1140 cati·

337 1203 451 1266 oinium
488 1224 553 1265 eam
589 1206 669 1263 certe
703 1219 826 1261 causam
861 1218 923 1259 non
959 1194 1069 1272 habet,
1098 1216 1198 1278 neque
1225 1193 1256 1258 itl
1288 1193 1349 1258 alio

337 1319 471 1404 pertinet
493 1318 552 1382 nisi
576 1316 614 1381 ad
638 1322 793 1381 vetustum
817 1314 910 1378 decas
934 1313 1070 1397 Aeginae
1094 1321 1124 1378 et
1148 1312 1349 1377 Aeacidarum

337 1435 565 1502 illustrandum.

385 1673 413 1733 l.
448 1672 555 1747 Μᾶτερ
586 1665 607 1732 ὦ
635 1665 893 1749 χρυσοστεφάνων.
929 1663 1095 1749 Comparat
1125 1663 1222 1729 Poeta
1252 1665 1350 1729 olivae

338 1785 533 1872 splendorem
563 1793 595 1849 ct
621 1784 749 1870 gloriam
774 1806 867 1861 auro,
891 1784 980 1868 cujus
1005 1783 1223 1866 praestantiam
1246 1783 1354 1847 laudat

339 1903 389 1968 01.
413 1901 431 1966 Ι
455 1906 493 1980 2,
516 1901 570 1966 III
593 1904 611 1966 7
616 1904 646 1966 6.
670 1901 759 1965 (loni.
785 1901 874 1964 Nem.
899 1899 917 1964 I
938 1903 980 1963 26
996 1899 1210 1978 Ὀλυμτιοέέων
1225 1899 1351 1982 φύλλοις

338 2022 444 2086 έλοιιῖοι
477 2020 619 2101 χρυσέοις.
665 2019 839 2084 Scholiasta
875 2026 962 2083 vetus
995 2017 1228 2100 χρυσοστέφανοι
1258 2015 1354 2083 ἄεθλοι

340 2138 423 2203 dicta
443 2145 532 2223 putat
549 2137 674 2220 quaevis
689 2137 844 2221 praeclara
860 2137 1040 2200 certamina:
1059 2135 1232 2221 Olympiam
1252 2143 1354 2200 autem

340 2261 468 2319 matrem
492 2274 597 2318 eornm
620 2253 701 2331 dici,
725 2254 813 2341 qnasi
836 2260 947 2337 caput,
975 2253 1048 2336 quia
1070 2252 1114 2317 ibi
1137 2261 1239 2318 essent
1254 2252 1356 2316 claris·

342 2372 429 2437 sima.
466 2370 575 2435 Potius
598 2392 669 2434 vero
691 2369 786 2435 ἄεθλοι
809 2377 883 2434 sunt
904 2370 973 2455 ipsa
996 2367 1158 2456 Olympico
1173 2369 1354 2448 certamina,

341 2494 373 2552 et
396 2485 541 2572 Olympia
564 2487 653 2572 quasi
676 2486 798 2571 proprie
817 2485 932 2550 dicitur
949 2507 1053 2550 eorum
1070 2492 1166 2550 mater
1181 2493 1211 2550 et
1226 2508 1354 2571 parens,

342 2627 419 2690 quaa
446 2604 542 2667 donet
564 2625 600 2668 ea
622 2611 653 2668 et
677 2603 819 2689 proferat.

388 2724 419 2786 3.
454 2719 578 2786 δέσποιν’
608 2722 759 2793 οέλοιέεέοις.
795 2719 993 2785 Interocritur
1024 2719 1222 2804 appellationi
1253 2718 1356 2810 Qlym-

344 2838 412 2924 piae
442 2837 559 2902 oraculi
582 2838 712 2902 veritas:
736 2838 856 2902 reditur
878 2837 917 2901 ad
941 2837 1038 2923 ipsam
1062 2837 1298 2922 appellationem
1322 2859 1356 2900 vs

345 2957 397 3020 la.
443 2955 491 3020 De
523 2957 647 3020 oraculo
680 2978 715 3021 ac
738 2955 776 3020 de
799 2956 948 3020 ministris
972 2957 1038 3041 ejus
1062 2956 1135 3019 satis
1158 2957 1258 3019 multa
1280 2954 1358 3018 (lixi-

344 3095 413 3137 mus
443 3072 484 3136 ad
511 3072 562 3137 Ol.
594 3072 651 3137 VI.
699 3072 851 3137 Memorat
881 3073 973 3136 etiam
1005 3071 1114 3136 Strabo
1146 3071 1182 3137 L.
1214 3071 1297 3136 VIII
1324 3095 1355 3157 p.

345 3191 409 3254 353
433 3189 467 3255 τδ
489 3197 700 3267 massiviaco
727 3191 898 3268 Ὀλυμπίου
921 3191 999 3263 Διό..

389 3311 420 3371 6.
455 3307 528 3387 τέρι.
565 3307 664 3386 Solet,
690 3316 841 3391 quantum
864 3309 944 3386 scio,
971 3307 1183 3394 praetermissa
1206 3309 1358 3392 praeposi·

344 3423 429 3488 tione
459 3423 520 3488 dici
549 3424 637 3502 λόγον
668 3424 749 3506 ἔχειν
778 3425 870 3502 τινός,
897 3426 1011 3490 lrabere
1034 3425 1182 3490 rationem
1207 3424 1356 3510 alicujus,

344 3562 451 3606 curare
474 3541 624 3627 aliquem:
649 3541 735 3607 velat
758 3542 870 3607 Aesch.
894 3542 998 3608 Prom.
1024 3543 1087 3607 231

566 3665 674 3737 Βροτῶν
700 3659 730 3724 δὲ
752 3666 809 3725 τῶν
831 3660 1024 3740 τοολοοιτῶρυυ
1046 3659 1134 3736 λόγου

479 3777 530 3858 οὐκ
553 3774 642 3855 ἔσχεν
663 3777 760 3843 οὐδέν’.

345 3887 461 3953 Τυωοιι
484 3890 515 3954 in
539 3891 631 3956 simili
654 3893 789 3958 dictione
812 3902 858 3958 est
881 3895 964 3979 apud
988 3893 1170 3980 Sophoclem
1196 3897 1268 3958 Ant.
1292 3895 1356 3956 283

750 4011 890 4088 δοοέμυοοις
913 4012 1009 4091 λέγων

524 4124 654 4202 τρόνοιοον
677 4126 773 4208 ἴσχειν
795 4129 879 4194 τοῦδε
901 4135 952 4194 τοῦ
976 4136 1070 4210 νεκροῦ
1093 4128 1166 4233 τέρι.

345 4237 388 4303 Itt
419 4239 496 4305 Plat.
528 4243 576 4308 Do
607 4243 704 4330 Legg.
735 4245 801 4310 XII
831 4249 896 4310 952
920 4246 942 4310 d
965 4245 1036 4323 ξένοι
1059 4243 1095 4311 ὧν
1118 4246 1163 4310 δεῖ
1184 4246 1246 4320 τέρι
1269 4243 1357 4321 λόγον

343 4358 411 4421 τινὰ
441 4361 589 4425 ποιεῖσθαι.
637 4361 752 4428 Similia
781 4363 864 4428 color
886 4372 933 4429 est
956 4363 1124 4428 sententiae
1148 4361 1229 4447 apud
1256 4361 1357 4427 Xeno

346 4473 491 4558 phontem
502 4525 512 4554 ,
536 4477 630 4543 Mem.
654 4480 690 4543 L.
715 4479 733 4543 Ι
755 4479 790 4544 0.
815 4480 861 4546 IV
888 4483 928 4546 18
953 4485 1009 4546 τῶν
1032 4481 1100 4546 θεῶν
1115 4487 1219 4559 τεῖροον
1235 4479 1361 4558 λυμβοὶ-
