3725 5542
470 722 503 767 lv

468 908 500 963 te
523 908 555 963 et
577 921 625 963 me
648 898 726 961 nihil
750 898 810 963 fuit
834 898 1022 983 hujusmodi.
1061 898 1104 961 Te
1126 898 1203 963 mihi
1226 898 1401 964 conciliavit
1419 900 1484 984 ipse

468 1030 639 1093 Pindarus:
672 1038 720 1106 et,
752 1029 811 1092 nisi
843 1038 878 1092 tu
908 1029 1083 1093 studiorum
1113 1036 1241 1093 tuorum
1262 1031 1429 1115 primordia
1451 1038 1483 1095 et

470 1162 617 1247 primum,
653 1159 737 1245 qnod
772 1160 914 1238 edidisti,
950 1183 1029 1245 opus
1063 1161 1096 1225 iu
1132 1162 1320 1246 gravissimis
1356 1161 1482 1225 Pindari

469 1293 629 1357 sententiis
663 1291 851 1376 explicandis
881 1314 947 1355 esse
977 1293 1143 1369 voluisses,
1175 1301 1206 1357 et
1239 1292 1300 1357 nisi
1330 1315 1388 1377 ego
1416 1294 1481 1378 jam

468 1433 534 1487 tum
566 1444 603 1487 ex
633 1422 708 1486 meis
737 1420 864 1485 Pindari
890 1422 1001 1486 studiis
1033 1422 1150 1507 aliquid
1180 1424 1214 1487 in
1236 1423 1395 1508 publicum
1415 1422 1481 1489 edi·

468 1554 600 1629 dissem,
630 1574 687 1615 nec
717 1572 774 1635 ego
805 1558 836 1615 te
868 1550 1011 1616 vidissem
1042 1573 1180 1638 uuquam
1202 1552 1316 1616 iubae
1339 1553 1418 1629 vita,
1443 1561 1480 1616 ut

468 1682 609 1759 videtur,
632 1704 689 1745 neo
711 1694 747 1744 tu
770 1703 819 1745 me
841 1682 1044 1765 cognovisses
1075 1681 1193 1747 Verum
1211 1690 1300 1759 tum,
1324 1704 1423 1767 quum
1443 1690 1479 1745 tu

468 1821 539 1878 ante
563 1813 619 1876 hos
643 1813 753 1896 viginti
776 1834 872 1876 annos
896 1812 985 1877 illum
1008 1836 1111 1878 meum
1134 1814 1248 1878 librum
1272 1820 1380 1877 nactus
1400 1835 1480 1877 esses

468 1951 500 2007 et
527 1943 652 2027 legisses
675 1950 706 2005 et
729 1941 767 2004 ad
791 1948 907 2005 rectam
929 1943 1041 2007 summi
1063 1942 1176 2007 Poetae
1199 1944 1480 2027 interpretationem

468 2073 574 2137 utile'm
601 2095 666 2137 esse
684 2073 872 2158 judicasses,
896 2074 1073 2157 incognitus
1095 2073 1134 2138 ad
1157 2096 1206 2138 mo
1229 2062 1429 2159 incognitum
1445 2074 1482 2139 li·

469 2214 549 2268 teras
571 2204 736 2287 scripsisti,
761 2226 839 2289 quae
861 2205 989 2269 eximiae
1012 2204 1240 2269 benevolentiae
1263 2213 1293 2269 et
1316 2204 1410 2268 forme
1429 2226 1481 2269 cu·

465 2332 588 2419 jusdam
618 2334 706 2417 quasi
737 2334 859 2418 pietatis
890 2356 962 2419 erga
991 2356 1040 2397 me
1063 2334 1212 2399 indicium
1235 2334 1421 2420 prodebant,
1448 2344 1481 2398 et

469 2464 579 2529 misisti
617 2463 694 2527 mibi
732 2472 818 2527 tuam
852 2464 900 2527 De
935 2463 1080 2529 Hominis
1114 2472 1198 2529 statu
1233 2486 1269 2528 ac
1303 2475 1413 2528 natura
1447 2466 1481 2528 in

469 2594 596 2659 Pindari
624 2593 809 2657 carminibus
842 2614 985 2677 expressa
1007 2594 1262 2658 diasmmfionem.
1307 2594 1388 2658 'l'um
1409 2617 1482 2658 sane

470 2746 531 2789 non
556 2724 656 2788 brevis
679 2724 825 2801 notitiae,
857 2723 912 2788 sed
935 2724 1061 2788 intimae
1084 2724 1236 2787 amicitiae
1258 2746 1294 2787 ac
1317 2723 1483 2788 duraturae

470 2856 705 2920 fundamentum
729 2855 869 2940 posuisti.
909 2853 1021 2937 Neque
1043 2878 1080 2918 ea
1101 2854 1233 2919 diminui
1255 2855 1377 2939 potuit,
1401 2862 1484 2940 post·

471 3009 565 3071 quam
596 2996 631 3050 tu
656 2988 720 3071 jam
751 3008 813 3049 non
841 2986 1036 3069 juventutem
1066 2985 1158 3050 doces
1188 2986 1331 3069 antiquas
1358 2985 1482 3064 literas,

471 3124 614 3202 suscepto
629 3118 661 3181 in
677 3117 804 3193 ecclesia
818 3116 994 3181 Christiana
1008 3138 1095 3180 sacro
1108 3116 1288 3180 ministerio.
1312 3115 1483 3201 scripseras
1523 3109 1533 3124 ‘

474 3258 541 3313 tum
565 3249 596 3311 in
620 3256 693 3311 tuae
716 3247 941 3311 dissertationis
964 3247 1166 3331 praelatione:
1182 3246 1222 3311 In
1238 3254 1376 3311 veterum
1390 3246 1485 3310 Grae·

472 3400 578 3444 oorum
601 3378 868 3461 Romanorumque
892 3377 1031 3441 doctrina
1052 3376 1210 3461 religionis
1230 3398 1266 3439 ac
1281 3399 1401 3441 morum
1417 3376 1485 3460 plu-

473 3512 550 3573 rima
572 3532 654 3587 esse,
686 3530 765 3591 quae
788 3531 858 3572 cum
881 3508 1048 3573 christiana
1069 3508 1263 3572 consentiant
1284 3508 1483 3584 amicissime,

473 3662 574 3724 neque
606 3640 805 3705 humanitatis
837 3638 942 3703 studia
972 3661 1027 3723 per
1049 3661 1137 3703 snam
1159 3649 1302 3703 naturam
1326 3660 1396 3702 vero
1418 3637 1488 3701 reli·

474 3772 574 3857 gionis
597 3771 697 3837 cultui
721 3771 890 3856 quidquam
914 3771 1092 3846 detrahere,
1116 3771 1169 3834 sed
1192 3770 1233 3835 ad
1254 3792 1326 3834 eum
1341 3768 1486 3833 alendum

475 3900 779 3984 conservandumque
819 3900 987 3984 plurimum
1027 3900 1180 3964 mntem:
1214 3899 1361 3963 laudabas
1394 3900 1486 3962 etiam

476 4030 668 4108 Heusdium,
707 4032 832 4116 ejusque
875 4031 913 4095 de
952 4029 1091 4095 Platonis
1128 4030 1323 4114 philosophia
1356 4030 1486 4114 scripta,

476 4163 607 4227 maxime
630 4184 700 4225 vero
723 4161 803 4225 illud
826 4162 944 4245 ipsum,
966 4160 1050 4244 quod
1066 4184 1103 4225 ex
1117 4159 1278 4225 Platonica
1293 4159 1488 4261 philosophie

475 4295 594 4359 fructus
619 4293 786 4357 uberrimos
808 4293 847 4356 ad
872 4316 960 4357 verae
982 4294 1140 4378 religionis
1155 4302 1188 4357 et
1200 4314 1320 4356 morum
1337 4291 1487 4355 bonorum

475 4423 578 4487 studia
599 4422 770 4487 redundare
786 4422 980 4490 ostendisset.
997 4422 1177 4503 Nesciebas,
1192 4422 1327 4489 amioum
1343 4420 1401 4486 tibi
1416 4442 1488 4490 con·
