3725 5542
944 681 1009 741 262

467 893 498 947 et
521 883 649 947 ornandi
674 883 831 947 tribuitur.
866 882 983 946 Temen
1005 882 1089 967 apud
1113 881 1283 947 Homerum
1307 882 1346 947 ll.
1370 883 1481 948 xeal

467 1001 721 1085 significationem
746 1000 852 1085 gaudii
875 1000 988 1064 habere
1011 999 1133 1065 videtur

648 1120 734 1184 ἀλλά
756 1119 790 1184 σέ
811 1124 892 1199 φημι
914 1118 1071 1198 διαμπερὲς
1094 1119 1297 1196 ὦγλαϊεῑσίιιι.

467 1236 508 1300 Et
537 1235 648 1300 Suides
678 1235 771 1300 habet
795 1242 959 1320 utramque
982 1235 1256 1320 significationem,
1281 1237 1483 1319 emeram,

464 1356 627 1435 χαίρουσι,
651 1354 888 1432 marcomede.
926 1352 1047 1433 Quodsi
1071 1353 1222 1417 hocloco
1242 1354 1373 1419 oruaudi
1392 1355 1486 1440 signi·

467 1473 570 1537 ficatio
602 1480 666 1549 eat,
696 1471 822 1536 verbum
846 1484 893 1535 eat
916 1470 1082 1556 passivum.
1129 1470 1247 1535 Verum
1269 1470 1398 1537 verbum
1421 1495 1482 1537 me-

466 1590 552 1655 dium
592 1612 658 1653 ease
696 1589 827 1654 arbitror
861 1597 893 1651 et
927 1587 1039 1653 habere
1073 1588 1180 1673 gaudii
1214 1590 1481 1675 significationem.

466 1710 540 1795 Ipse
562 1710 692 1774 musices
716 1709 830 1795 gaudia
850 1708 1000 1774 vocabulo
1013 1710 1156 1786 ἀγλαΐας
1171 1710 1385 1794 significantur
1400 1712 1483 1796 apud

468 1828 636 1894 Hesiodum
662 1828 747 1893 Scut.
773 1827 865 1892 Herc.
892 1829 957 1893 272

633 1946 675 2011 roi
699 1947 723 2012 δ’
746 1946 844 2028 ἄνδρες
868 1947 897 2011 ἕν
919 1946 1072 2023 ἄγλῶιιις
1093 1970 1128 2011 τε
1150 1952 1248 2027 χοροῖς
1272 1970 1308 2011 τε

510 2064 611 2145 τέρψιν
634 2065 714 2145 ἔχιν.

467 2184 545 2245 284.

634 2302 737 2363 πᾶσαν
760 2298 790 2363 δὲ
813 2298 896 2363 πόλιν
918 2299 1019 2363 raum
1043 2323 1078 2363 τε
1099 2297 1180 2378 χοροί
1202 2322 1237 2361 τε

513 2417 647 2494 &aciat
674 2414 702 2481 τ’
725 2412 817 2496 εἶχον.

513 2533 580 2598 Nec
604 2534 728 2599 defuere
751 2533 798 2598 illi
820 2533 956 2597 laetitiae
980 2540 1090 2597 cantus
1113 2542 1145 2598 et
1166 2532 1301 2599 citherae
1319 2533 1486 2619 tibiaeque.

468 2652 617 2717 Similiter
640 2654 672 2716 in
696 2652 821 2737 Hymno
845 2650 1011 2716 Homerico
1033 2652 1067 2715 iu
1086 2651 1277 2717 Mercurium
1292 2653 1358 2717 476
1374 2653 1487 2729 μέλπεο

469 2771 520 2835 καὶ
546 2769 667 2851 κιίιίριζε
690 2770 740 2834 καί
763 2771 910 2847 ἀγλαΐαις·
923 2770 1062 2848 ἀλέγυνε.
1109 2770 1204 2855 Apud
1227 2778 1369 2834 uoetruur
1391 2770 1447 2854 Py.
1469 2770 1488 2833 Ι

470 2892 492 2952 4
523 2886 664 2966 seltatio,
691 2890 832 2965 ἀγλαΐαις
855 2888 958 2971 ἀρχά,
982 2910 1105 2953 auream
1127 2888 1243 2953 dicitur
1264 2887 1372 2952 audire
1394 2886 1490 2952 citha·

470 3028 544 3071 rem.
580 3006 622 3070 Et
644 3006 745 3091 ipsum
768 3004 895 3070 verbum
918 3006 953 3071 iu
975 3006 1092 3071 musice
1115 3006 1243 3092 ponitur
1258 3028 1277 3069 e
1291 3005 1382 3069 Semo
1396 3005 1489 3070 Delio

471 3124 555 3210 apud
579 3124 775 3189 Athenaeum
797 3122 834 3188 L.
859 3122 938 3188 XIV
962 3146 989 3188 c.
1014 3123 1094 3189 XVI
1117 3147 1147 3210 p.
1172 3127 1237 3187 622
1261 3146 1279 3188 c

651 3242 702 3307 Σοὶ
727 3242 832 3321 Βάκχε
854 3241 943 3306 τάνδε
965 3248 1080 3319 μοῦσαν
1101 3242 1303 3323 ἀγλαίζομεν.

474 3358 566 3424 Haud
597 3358 731 3423 multum
762 3381 835 3425 saue
866 3358 961 3423 dietat
989 3359 1174 3444 significatio
1197 3358 1328 3425 omeudi
1352 3369 1383 3424 et
1405 3358 1491 3424 illus·

472 3476 575 3541 trandi
606 3501 623 3540 a
654 3477 878 3563 significatione
904 3477 1012 3563 gaudii
1034 3477 1197 3556 efferendi,
1222 3478 1401 3563 praesertim
1422 3479 1491 3563 ejue

471 3594 594 3679 gaudii,
618 3594 701 3679 quod
725 3594 807 3680 apud
832 3594 966 3661 Graecos
982 3617 1054 3660 cum
1069 3596 1188 3660 musice
1202 3597 1402 3681 conjunctum
1420 3596 1489 3660 fuit.

472 3710 619 3792 Παίζομεν
650 3713 752 3789 deod,
785 3713 817 3777 cf
842 3712 933 3779 Nem.
967 3712 1015 3778 [V
1038 3716 1081 3777 24
1104 3713 1251 3794 κιθαρίζων
1273 3713 1367 3791 dauci.
1413 3714 1492 3779 Φίλα

471 3830 605 3911 τράπεζα
626 3853 688 3895 uon
712 3842 759 3897 est
781 3832 879 3917 ipsius
902 3854 1009 3899 meuse
1032 3832 1195 3910 Hieronis,
1220 3832 1274 3897 aed
1289 3833 1418 3897 omuino
1433 3831 1493 3917 aig·

472 3949 637 4013 nificeutur
660 3951 870 4017 conviviorum
893 3951 1025 4037 gaudie,
1049 3951 1196 4029 Graecia,
1218 3952 1246 4015 ai
1260 3972 1399 4034 uuquam
1415 3971 1493 4015 mor·

474 4066 604 4145 talibus,
631 4069 782 4152 praeclare
806 4071 947 4155 cognita:
971 4070 1045 4135 conf
1064 4069 1121 4153 Py.
1145 4068 1193 4132 vl
1217 4070 1278 4133 52:
1303 4090 1359 4133 uec
1378 4067 1493 4149 παίζειν

474 4185 577 4251 studia
607 4187 743 4271 ipsorum
775 4197 936 4273 poetarum
968 4188 1137 4273 significet,
1171 4188 1226 4255 scd
1255 4188 1381 4253 omuino
1404 4187 1492 4251 loeus

475 4304 634 4369 homiuum
670 4306 702 4370 in
736 4306 877 4371 cautibus
912 4316 944 4371 et
978 4307 1062 4371 souis
1098 4308 1224 4391 positos.
1270 4306 1492 4371 Themistoclea

473 4444 570 4506 quum
594 4423 627 4487 in
650 4423 750 4508 epulis
773 4434 944 4489 recusasset
967 4424 1084 4511 lyram,
1108 4424 1234 4491 habitus
1256 4432 1305 4491 eet
1322 4424 1490 4490 indoctior:
