3725 5542
855 669 919 731 991

370 868 420 930 aa>
451 870 500 930 τὸν
531 864 684 948 τοξοφόρον
715 869 766 931 καὶ
793 866 894 949 ἔφορον
915 875 970 944 τῆς
993 865 1071 940 isias
1095 868 1194 942 Δήλου
1217 867 1266 934 τὸν
1288 869 1392 936 ἑαυτοῦ

373 982 499 1064 ποτέρα.
545 982 585 1048 In
616 1004 678 1067 quo
708 982 785 1068 quid
818 984 970 1068 significet
996 985 1112 1050 mentio
1135 983 1301 1069 Epidauri,
1326 1009 1388 1053 non

374 1121 537 1186 assequor,
568 1107 703 1166 sttsmeu
733 1100 840 1179 video,
864 1101 971 1165 abesse
993 1101 1123 1186 epitheti
1146 1099 1288 1188 Neptuni
1310 1106 1388 1182 εὐρο·

373 1217 446 1295 βίον
468 1217 724 1304 explicationem,
749 1240 846 1302 quum
869 1218 993 1303 singula
1015 1217 1169 1303 Apollinis
1190 1219 1326 1306 epitheta
1341 1242 1390 1286 ex·

374 1334 538 1421 plicentur.
584 1334 727 1400 Fortasse
750 1357 823 1420 ergo
845 1334 1011 1402 scholiasta
1032 1358 1089 1422 pro
1112 1336 1249 1419 εὐρυβΙοον
1271 1337 1388 1422 aliquid

375 1451 469 1538 legit,
494 1451 578 1539 qnod
601 1460 682 1516 esset
703 1452 854 1538 Epidauri
876 1452 985 1518 simile.
1020 1453 1136 1518 Tamen
1159 1454 1323 1519 scholiasta
1346 1476 1390 1519 re·

375 1570 493 1636 oentior
526 1569 589 1634 fere
623 1568 729 1633 eadem
762 1569 874 1647 habet,
908 1568 993 1634 illins
1028 1570 1158 1656 epitheti
1189 1570 1392 1657 explicatione

376 1684 531 1771 adjuncta

425 1804 498 1867 101.
532 1800 704 1878 θεοδμάτας.
740 1801 888 1867 Similiter
918 1800 1040 1888 Fragm.
1077 1801 1178 1888 Heyn.
1206 1802 1333 1870 Prosod.
1357 1803 1392 1882 I,

381 1915 503 2002 Fregm.
534 1917 670 1983 Boeclrh.
704 1919 746 1982 58
770 1917 808 1983 de
831 1917 938 1983 eadem
960 1919 1065 1984 insula
1085 1917 1168 2000 χαῖρ’
1191 1915 1212 1984 ὦ
1234 1919 1392 1996 θεοδμάτο.

380 2032 521 2098 Fortasse
544 2035 618 2118 quia
640 2033 701 2099 fixe
715 2034 776 2100 fnit
791 2034 926 2100 adventu
942 2043 974 2100 et
988 2043 1080 2120 partu
1094 2035 1241 2101 Latonae.
1277 2035 1394 2102 Temen

379 2150 474 2217 Hom.
498 2150 539 2216 Il.
562 2149 646 2215 VHI
671 2153 733 2214 519
757 2151 917 2229 θεοδμήτων
940 2151 988 2216 ἐπὶ
1005 2153 1133 2232 πύργων.
1150 2151 1244 2237 Soph.
1261 2151 1310 2218 El.
1330 2155 1392 2221 707

379 2268 501 2344 ’mern
524 2273 581 2335 eea
602 2268 771 2346 οεομρτωο.
794 2267 903 2354 nur-ip.
928 2254 999 2352 I'ph.
1023 2267 1059 2333 Τ.
1086 2271 1170 2333 1415
1194 2269 1319 2345 'Allan
1337 2271 1395 2342 rar

378 2387 565 2465 θεοδμήτοοοι
597 2384 680 2450 idem
706 2384 802 2470 Hipp.
827 2387 902 2451 971.
927 2385 1076 2450 Androm.
1103 2387 1188 2450 1239
1214 2392 1342 2468 Δελφῶν
1365 2388 1394 2458 ἐς

380 2503 534 2578 ordinarer
568 2503 663 2573 τόνον.
709 2500 752 2566 Ilt
782 2510 903 2579 tamen,
935 2502 1009 2586 quia
1040 2502 1183 2568 Athenae
1214 2525 1250 2568 sc
1279 2502 1395 2589 Delphi

378 2618 510 2685 merium
525 2619 653 2682 caritate
668 2618 806 2682 Deorum
821 2619 947 2683 fuerunt
961 2618 1053 2685 urbes
1072 2617 1226 2704 insignes,
1242 2618 1327 2686 haud
1343 2620 1394 2688 ab·

378 2736 508 2801 surdum
539 2744 586 2800 est
616 2735 755 2815 credere,
785 2735 974 2820 singularem
1005 2733 1181 2801 Numinum
1207 2757 1312 2802 curam
1335 2737 1394 2802 hoc

377 2853 527 2939 adjectivo
550 2854 732 2939 significari,
756 2875 849 2937 quem
869 2852 940 2918 Deli
956 2852 1141 2918 habuerunt.
1175 2853 1290 2927 Σκοπὸς
1304 2853 1393 2919 Prae·

377 2992 442 3048 ses,
471 2979 570 3051 tutor,
595 2970 757 3035 dominus:
782 2969 835 3038 01.
858 2970 876 3035 I
899 2974 943 3036 80
966 2970 1021 3036 Dii
1043 2969 1203 3050 Ὀλύμπου
1225 2971 1336 3038 σκοποί.

424 3089 499 3152 102.
533 3087 704 3168 λαοτρόφον.
743 3087 870 3173 Proprie
893 3086 976 3172 quod
1000 3085 1151 3173 populum
1174 3088 1310 3165 nutriat,
1327 3087 1347 3152 i.
1365 3109 1392 3152 e.

376 3203 461 3290 quod
484 3203 599 3289 populo
615 3203 722 3288 prosit.
750 3203 939 3284 Λοοότροφον,
956 3203 1041 3288 quod
1057 3225 1075 3268 s
1089 3203 1206 3290 populo
1222 3203 1387 3270 nutriatur.

376 3319 468 3384 Prius
491 3320 581 3384 credo
604 3321 663 3385 hoc
685 3318 754 3384 loco
776 3342 881 3385 verum
898 3343 972 3384 esre.
1007 3319 1041 3384 Si
1055 3327 1159 3386 temen
1175 3319 1244 3405 quis
1262 3319 1391 3386 alterum

377 3437 544 3523 praeferat,
573 3437 683 3515 hebet,
707 3457 878 3521 quosnam
902 3437 1086 3502 sententiam
1109 3443 1243 3502 tucatur.
1268 3434 1315 3500 cf.
1339 3433 1390 3500 01.

376 3554 412 3618 H
442 3557 486 3618 90
514 3564 545 3619 et
569 3554 677 3619 Aesch.
702 3553 798 3620 Ohoe.
823 3557 906 3634 001,
931 3563 962 3620 et
985 3577 1064 3641 quae
1087 3553 1127 3618 sd
1150 3575 1186 3618 es
1207 3554 1276 3618 loca
1298 3574 1393 3620 anno·

375 3673 518 3738 humus.

422 3793 496 3856 100.
531 3791 733 3866 namurco.
768 3789 872 3854 Multa
893 3789 932 3854 de
955 3789 1015 3853 hoc
1037 3787 1130 3853 verbo
1145 3787 1313 3875 disputatio
1330 3794 1386 3854 est.

374 3906 556 3971 Karstenius
572 3904 788 3970 allocutionem
804 3905 1053 3990 interrogationis
1067 3904 1166 3969 instar
1182 3911 1285 3989 putet,
1299 3902 1387 3988 quasi

373 4024 489 4090 diceret
513 4023 643 4110 Apollo:
668 4024 754 4089 visne
777 4045 918 4108 surgere,
943 4022 986 4088 mi
1008 4021 1070 4101 fili,
1094 4030 1125 4087 et
1148 4021 1223 4086 illuc
1245 4042 1387 4106 pergere,

372 4163 437 4228 quo
458 4148 489 4204 te
512 4139 646 4206 ducum?
668 4139 797 4206 Betineo
820 4139 987 4225 quaerendi
1011 4138 1283 4223 significationem:
1306 4143 1387 4200 certe

377 4257 489 4345 Apollo
519 4257 652 4334 sciehat,
683 4255 737 4321 ubi
764 4266 842 4320 esset
864 4256 947 4321 filius
970 4277 1059 4333 suus,
1083 4276 1140 4320 nec
1162 4253 1274 4318 irnstra
1297 4273 1388 4334 quae·

373 4376 465 4454 tivit:
497 4397 554 4443 nec
582 4374 757 4460 ignoramia
783 4371 844 4438 loci
875 4374 979 4458 potins
1011 4393 1103 4457 quem
1127 4391 1202 4436 cura
1223 4377 1255 4433 et
1277 4369 1387 4434 ceritas
