3725 5542
975 720 1039 780 282

498 917 598 981 Credo
628 918 720 981 luisse
752 920 784 981 in
816 917 869 981 illo
897 918 1024 1001 Pelopio
1048 928 1080 981 et
1103 917 1257 983 tumulum
1281 932 1309 981 et
1331 904 1421 1002 juita
1443 940 1513 981 eum

497 1034 644 1099 scrobem.
678 1034 868 1113 Ἀμφθοοολον
891 1038 1062 1121 siguificare
1082 1037 1157 1100 mihi
1174 1035 1295 1099 videtur
1309 1036 1512 1118 frequentiam

497 1152 694 1230 adeuntium,
718 1154 811 1237 idque
834 1155 1028 1241 simpliciter,
1058 1164 1091 1218 ut
1115 1153 1198 1217 orbis
1221 1154 1405 1238 significatio
1430 1176 1514 1238 pree-

497 1272 700 1336 termittatur:
734 1273 790 1337 lroe
821 1297 884 1337 uno
915 1273 1042 1359 quidem
1073 1272 1160 1350 loeo,
1194 1280 1344 1356 quantum
1375 1273 1454 1348 seio,
1481 1270 1514 1335 id

497 1389 678 1474 adjectivum
711 1392 832 1475 passiva
863 1392 991 1455 notione
1023 1391 1165 1475 ponitur:
1197 1402 1333 1455 ceterum
1362 1391 1514 1474 siguificat

497 1508 689 1573 ministrum:
716 1510 837 1595 proprie
861 1532 931 1573 vero
955 1532 1044 1586 eum,
1068 1509 1123 1593 qui
1146 1508 1189 1571 sit
1211 1508 1292 1573 circa
1313 1507 1482 1572 dominum.

547 1628 617 1691 151.
652 1628 755 1709 βωμῷ.
790 1628 990 1713 Signifieatur
1018 1628 1106 1690 dosis
1136 1626 1273 1711 Olympii
1302 1648 1371 1703 ara,
1395 1647 1459 1689 non
1481 1627 1512 1689 in

497 1745 564 1829 ipso
596 1746 661 1830 ejus
694 1744 752 1811 Dei
783 1746 917 1830 templo,
950 1768 1055 1809 verum
1086 1746 1239 1829 seposita,
1267 1767 1321 1822 ea,
1347 1767 1427 1829 quae
1449 1752 1514 1807 erat

498 1872 568 1926 autc
592 1862 768 1949 Pelopium,
794 1870 830 1927 ut
853 1886 871 1927 a
890 1864 1045 1927 Pausania
1060 1871 1247 1927 memoratur
1262 1885 1298 1927 eo
1314 1862 1396 1939 loco,
1420 1885 1512 1947 quem

497 1980 588 2045 modo
613 1983 862 2067 significavimus.

547 2101 618 2163 151.
653 2101 686 2165 οδ
710 2100 739 2165 δὲ
762 2101 853 2171 κλέος.
890 2103 997 2182 Δρόμον
1022 2102 1084 2165 fere
1107 2110 1333 2175 contentens,
1360 2111 1395 2161 ut
1417 2097 1512 2181 Soph.

498 2216 546 2279 Ill.
580 2220 662 2297 684,
696 2222 777 2283 cel:
810 2242 913 2283 verum
946 2220 1004 2284 boc
1028 2220 1096 2283 loco
1119 2228 1194 2283 sunt
1216 2220 1283 2303 ipsa
1305 2217 1423 2293 stadia,
1446 2216 1514 2301 ipaa

499 2334 566 2399 loca
588 2336 642 2400 ubi
666 2337 856 2417 certabatur,
882 2348 917 2402 ut
939 2339 1054 2405 ibidem
1080 2343 1143 2404 713

810 2460 871 2528 πᾶς
894 2458 1043 2535 ἐμεστώθη
1065 2458 1176 2538 δρόμος.

500 2568 629 2635 Dativus
659 2594 730 2635 eum
761 2575 987 2659 praepositione
1018 2577 1048 2640 ε’ν
1077 2575 1188 2653 δρόμοις
1218 2596 1282 2638 nou
1310 2596 1381 2637 cum
1403 2574 1512 2652 δέδορκε

497 2691 680 2774 conjunctus
704 2700 766 2768 est,
791 2692 844 2756 sed
868 2715 939 2757 cnm
960 2696 1061 2765 mcc:
1085 2693 1182 2777 gloria
1201 2692 1343 2777 Pelopis,
1367 2713 1445 2774 quae
1464 2698 1511 2754 est

497 2808 529 2870 in
553 2808 661 2871 stadiis
684 2808 920 2895 Olympiadem:
945 2811 990 2876 ibi
1005 2812 1120 2896 qnippe
1135 2822 1200 2875 erat
1216 2810 1392 2875 domestica.
1422 2808 1511 2873 Simi-

498 2924 568 2989 liter·
590 2924 640 2990 01.
666 2926 718 2990 III
741 2930 782 2993 27
807 2936 861 2993 τῶν
885 2930 1043 3010 Ὁλομοοθᾳ
1064 2929 1176 3010 ἄθλων,
1200 2927 1252 2991 01.
1273 2928 1337 2990 113
1355 2928 1509 3005 στεφάνων

497 3050 552 3109 τῶν
574 3048 745 3129 Ὀλυμπίᾳ,
774 3045 824 3111 Ol.
851 3047 932 3111 VIII
959 3051 1021 3111 109
1044 3050 1152 3124 κόσμον
1173 3048 1342 3127 Ὀλυμπίᾳ.
1389 3046 1510 3123 Δέδορκε

498 3160 620 3226 lucendi
644 3164 898 3248 significationem
926 3166 1036 3232 habet:
1060 3164 1321 3252 quemadmodum
1344 3162 1434 3229 Nem.
1459 3162 1512 3226 III

501 3281 563 3341 148
587 3279 710 3359 δέδορκεν
725 3284 820 3365 φλορ,
845 3282 935 3347 Nem.
952 3282 1002 3345 IX
1021 3286 1083 3345 100
1100 3282 1209 3359 δέδορκε
1224 3280 1352 3357 olym.
1385 3276 1514 3361 Propria

498 3396 590 3484 buius
620 3399 705 3463 verbi
736 3400 920 3485 significatio
943 3410 991 3465 est
1013 3399 1132 3463 videre:
1159 3420 1263 3462 verum
1289 3419 1386 3481 quum
1414 3396 1514 3459 oeulis

497 3519 589 3583 etiam
612 3542 705 3604 quarn
729 3520 858 3583 maxime
883 3518 1049 3605 prodamus
1065 3540 1116 3594 ea,
1141 3539 1221 3601 quae
1235 3516 1269 3579 in
1284 3514 1374 3580 nobis
1389 3516 1512 3590 insunt,

497 3636 585 3701 facile
609 3646 682 3701 nata
698 3646 744 3701 ost
764 3637 946 3720 significatio
962 3635 1053 3699 vultu
1068 3634 1229 3717 oculisque
1245 3631 1410 3717 prodendi:
1434 3654 1513 3716 quae

498 3758 621 3842 quidem
647 3768 693 3821 est
716 3756 767 3821 01.
792 3756 838 3819 IX
866 3758 927 3819 165
952 3756 1048 3835 δρῶντ’
1070 3754 1178 3818 ἀλκάν.
1214 3752 1321 3832 Quum
1345 3750 1511 3828 autemid,

498 3876 582 3962 quod
606 3877 649 3940 sic
674 3876 831 3960 proditur,
856 3874 987 3938 maxime
1010 3872 1131 3936 eluceat
1153 3880 1185 3935 et
1207 3871 1240 3934 in
1259 3870 1391 3934 aliorum
1407 3868 1513 3932 oeulos

498 3992 652 4066 incurrat,
681 3989 805 4053 omnino
830 3988 957 4053 verbum
981 3987 1103 4051 videtur
1124 3994 1250 4049 nactum
1274 4006 1340 4047 esse
1363 3984 1514 4068 significa-

498 4109 614 4172 tionem
637 4106 770 4173 lucendi.
817 4104 883 4169 Nos
906 4106 940 4170 in
966 4126 1105 4169 sermone
1131 4112 1237 4168 nostro
1260 4102 1391 4166 similem
1419 4124 1515 4185 quan·

500 4226 570 4289 dam
601 4226 686 4291 verbi
710 4227 860 4290 rationem
885 4224 1051 4301 hebemus,
1082 4245 1178 4307 quum
1202 4222 1341 4285 dicamus
1364 4220 1402 4284 de
1425 4219 1515 4283 moed

499 4344 559 4408 ciet
581 4343 619 4407 de
643 4364 740 4427 eogen
764 4344 828 4419 uit,
853 4352 884 4405 et
906 4342 945 4406 de
968 4342 1058 4405 moed
1075 4340 1177 4406 bliukt
1192 4340 1231 4404 de
1246 4362 1344 4425 oogeu
1361 4340 1418 4403 uit.
1452 4336 1514 4401 Pro

473 4520 477 4527 .
500 4463 616 4535 τηλόθεν
639 4462 747 4541 δέδορκε
763 4460 825 4525 fere
841 4460 1062 4547 exspectaveris
1077 4460 1197 4535 τηλθοεε
1223 4480 1326 4521 verum
1343 4458 1512 4542 signifieat,
