3725 5542
815 761 880 823 437

342 961 435 1024 luerit
465 960 623 1044 Diagoras.
672 959 718 1023 De
749 960 901 1043 scriptura
930 960 1063 1038 nominis
1087 964 1193 1025 monui
1218 963 1247 1026 in
1273 965 1354 1026 notis

341 1076 471 1154 criticis,
488 1077 540 1140 sed
558 1076 747 1162 praetermisi
762 1098 900 1153 monere,
917 1075 1074 1157 Ἐρατιδᾶν
1090 1077 1354 1145 innocentioribus

341 1194 485 1272 scholiis,
517 1193 651 1276 reliquas
682 1194 847 1278 scripturas
879 1194 911 1257 in
936 1193 1090 1258 veteribus
1114 1196 1255 1278 agnosci:
1282 1220 1354 1281 qua·

341 1319 465 1396 propter
486 1333 548 1374 non
571 1332 696 1395 pugno,
722 1310 747 1372 ai
771 1310 822 1372 cni
847 1317 999 1393 praestare
1024 1310 1147 1374 videtur
1169 1311 1353 1392 Ἐραστιδᾶν.

385 1425 442 1489 Est
461 1435 563 1490 autem
582 1427 614 1491 in
627 1425 780 1489 veteribus
797 1425 920 1489 scholiis
937 1425 1011 1490 haec
1027 1426 1209 1512 explicatio:
1229 1429 1353 1494 Poetam

340 1542 510 1628 appellasse
539 1549 636 1607 semet
667 1542 767 1627 ipsum
799 1550 829 1606 et
860 1542 1021 1620 incitasse,
1050 1565 1089 1606 ne
1113 1543 1232 1608 silendo
1255 1567 1353 1630 genus

341 1659 537 1725 Callianactia
561 1659 722 1737 obscuret,
746 1659 800 1723 sed
823 1659 977 1723 laudando
1002 1659 1140 1724 decoret:
1160 1661 1353 1728 illudentem

339 1799 437 1863 genus
460 1799 524 1841 esse
548 1777 684 1862 ipsorum
709 1775 861 1861 Diagorae
883 1778 1051 1862 majorum:
1076 1778 1163 1842 κοινὸν
1187 1779 1352 1864 appellari,

341 1893 477 1972 illustre,
509 1901 616 1957 notum
646 1893 799 1958 omnibus.
847 1892 936 1973 Quae
964 1894 1088 1978 singula
1110 1895 1186 1960 mihi
1208 1896 1353 1960 videntur

335 2011 461 2075 omnino
495 2009 670 2094 rejicienda.
717 2009 882 2073 Manifesta
917 2020 991 2073 sunt
1024 2021 1129 2096 preces
1160 2011 1198 2074 ad
1230 2012 1349 2078 Jovem.

334 2125 455 2207 Quodsi
478 2134 581 2191 antem
608 2125 767 2190 Gallianax
793 2126 855 2189 fuit
878 2147 960 2189 unns
988 2147 1025 2190 ex
1053 2127 1204 2211 Diagorae
1231 2131 1351 2214 majori·

333 2243 404 2321 baa,
427 2265 524 2329 genna
547 2245 614 2327 ejus
642 2263 715 2306 sane
738 2243 840 2327 ipsum
864 2264 988 2326 quoqne
1012 2243 1177 2328 Diagoram
1200 2245 1350 2330 complec-

331 2361 418 2425 titur.
462 2359 541 2424 Tum
565 2367 670 2422 antem
692 2362 787 2424 Κοινὸν
815 2358 875 2423 dici
898 2358 990 2423 credo
1013 2366 1109 2424 totam
1133 2369 1273 2446 gentem,
1298 2365 1347 2427 cui

330 2478 371 2542 sit
405 2478 492 2561 origo
525 2499 544 2540 a
574 2475 764 2540 Callianacte
795 2476 981 2539 communis.
1017 2475 1133 2540 Verum
1165 2477 1253 2542 aliter
1284 2501 1348 2542 esse

331 2594 478 2680 auspicor.
524 2595 571 2658 De
599 2592 778 2678 Callipatira
805 2593 1040 2658 memoravimus
1063 2595 1094 2658 in
1119 2595 1347 2659 introductione

331 2713 425 2798 hujus
448 2711 605 2789 carminis,
631 2733 700 2796 pag.
726 2713 801 2775 405.
833 2709 932 2774 Credo
957 2733 1023 2775 eam
1043 2711 1104 2795 jam
1130 2718 1196 2775 tum
1219 2719 1346 2796 nuptam

331 2829 424 2892 fuisse
447 2827 647 2892 Callianacti:
672 2837 703 2892 et
723 2827 809 2891 hunc
824 2827 926 2912 ipsum
941 2827 992 2891 hic
1009 2827 1190 2911 significari,
1208 2833 1239 2891 ot
1253 2829 1346 2892 luisse

331 2969 347 3009 e
377 2945 461 3010 tribu
485 2945 705 3010 Drastidarnm.
741 2944 882 3008 Fortasse
905 2943 1086 3028 Gallipatira
1109 2944 1256 3009 fratribus
1279 2946 1345 3009 auis

330 3063 427 3147 major
457 3070 533 3125 natu
566 3063 641 3138 fuit,
674 3071 703 3124 et
732 3084 768 3125 ex
799 3083 835 3124 ea
865 3061 963 3145 prima
993 3061 1167 3145 aDiagora
1190 3061 1345 3146 progeniei

330 3200 466 3265 propago
489 3178 657 3262 exspectari
682 3177 786 3262 potuit
809 3187 862 3241 aut
885 3178 1012 3242 fortasse
1028 3179 1091 3262 jam
1107 3193 1174 3241 tum
1192 3185 1260 3241 orta
1274 3179 1344 3246 fuit.

331 3294 386 3358 Est
419 3295 516 3378 igitur
548 3293 635 3358 κοινὸν
665 3293 773 3374 σπέρμ’
802 3292 863 3358 ἀπὸ
894 3293 1124 3365 Καλλιάνακτος
1155 3294 1276 3358 soboles
1308 3317 1344 3358 ex

329 3422 416 3498 patre
447 3411 653 3488 Callianacte,
686 3411 740 3475 sed
771 3410 876 3474 eadem
908 3419 977 3473 ortu
1010 3417 1147 3474 materno
1172 3413 1343 3475 communis

328 3530 443 3594 illustri
471 3529 589 3592 victori.
637 3528 814 3593 Praeclarae
838 3549 909 3612 ergo
933 3515 1037 3611 pieces
1059 3527 1092 3591 in
1116 3528 1176 3591 fine
1199 3529 1342 3592 carminis

329 3645 506 3710 funduntur
528 3645 685 3709 defutura
701 3645 800 3730 gentis
817 3654 966 3730 perpetua
981 3643 1088 3729 gloria.
1125 3643 1343 3710 Callianactem

329 3761 492 3848 significari
524 3762 675 3847 Diagorae
705 3783 851 3847 generum
877 3762 968 3825 etiam
992 3761 1133 3846 Hcynius
1157 3762 1273 3826 voluit:
1298 3763 1343 3826 in·

329 3881 487 3965 terpnnrit
514 3887 617 3944 antem
641 3901 704 3944 non
727 3888 797 3965 post
820 3879 1064 3953 Καλλιάνακτος,
1089 3878 1142 3942 aad
1165 3888 1235 3965 post
1257 3881 1343 3961 χαρί-

326 4023 435 4064 ww.

373 4117 447 4180 172.
483 4115 547 4195 ἔχει
569 4116 684 4186 tanae.
720 4113 874 4178 Theocrit.
899 4111 996 4177 XVII
1021 4115 1063 4175 22
1089 4113 1239 4178 Hercules

481 4232 548 4295 ἔνθα
570 4233 623 4296 σὺν
646 4229 777 4295 ἄλλοισιν
801 4231 904 4302 θαλίας
927 4231 992 4311 ἔχει
1015 4231 1194 4310 οὐρανίδαισι.

375 4348 446 4410 174.
481 4348 510 4410 ἐν
544 4349 574 4412 δὲ
608 4355 672 4431 μιᾷ.
708 4347 885 4412 Boeckhina
919 4348 1092 4424 existimat,
1123 4345 1249 4410 Poetam
1276 4347 1338 4431 jam

326 4471 459 4528 avertere
491 4466 623 4530 voluisse
653 4465 805 4551 pericula,
830 4487 908 4552 quae
932 4473 1038 4551 postea
1060 4463 1236 4550 Diagoridis
1264 4465 1340 4528 acci·
