3725 5542
1001 723 1043 782 68

509 922 645 988 Deorum
666 924 827 997 honorem,
848 920 893 983 sic
912 920 952 983 ad
970 919 1147 983 mortalium
1168 922 1352 986 suavitatem
1367 923 1530 1007 pertinuit.

510 1044 539 1105 A
569 1043 656 1105 lucro
687 1040 817 1104 alienam
849 1044 967 1101 tantam
996 1046 1058 1099 tam
1081 1044 1286 1120 praestantem
1309 1040 1409 1123 poesis
1432 1050 1529 1106 artem

512 1183 652 1224 summus
675 1159 772 1222 Poeta
794 1156 893 1219 duxit.
925 1154 1082 1236 „Antiqui
1105 1154 1285 1233 homines,'’
1307 1158 1428 1241 inquit,
1452 1161 1532 1243 „qni

510 1279 541 1341 in
574 1298 733 1341 aurearum
766 1296 890 1337 currum
921 1272 1083 1335 Musarum
1115 1272 1336 1351 ascendebant,
1364 1274 1531 1359 gloriosam

510 1394 656 1457 citharam
682 1394 779 1469 nacti,
804 1390 892 1454 facile
915 1390 1097 1454 emittebant
1120 1390 1225 1455 dulces
1246 1390 1393 1475 hymnos,
1413 1394 1440 1457 si
1459 1397 1531 1479 quis

509 1520 589 1575 esset
621 1511 727 1596 pulcer
754 1509 943 1591 haberetque
973 1506 1102 1571 Veneris
1134 1508 1372 1573 conciliatricem
1396 1519 1529 1577 aetatem

511 1628 730 1693 dulcissimam.
777 1625 887 1710 Neque
914 1625 997 1689 cnim
1020 1632 1085 1687 erat
1107 1632 1173 1688 tum
1199 1625 1291 1689 Musa
1314 1627 1393 1691 lucri
1417 1629 1532 1713 cupida

511 1769 567 1810 nec
590 1746 793 1810 mercenaria:
817 1750 917 1826 neque
939 1742 1121 1806 emebantur
1139 1765 1156 1805 a
1172 1743 1311 1826 jucunda
1329 1743 1531 1829 Terpsichore

511 1863 615 1928 dulcia
648 1864 799 1939 carmina,
835 1884 890 1925 nec
926 1861 1056 1924 frontem
1092 1860 1247 1927 habebant
1266 1870 1394 1947 argento
1414 1864 1532 1930 obduc-

510 1982 605 2045 tam.'’
621 1983 643 2064 ¹)
689 1980 818 2065 Scripsit
850 1979 924 2043 baec
956 1978 994 2042 ad
1025 1977 1270 2062 Thrasybulum,
1303 2003 1394 2064 quern
1422 1982 1532 2046 dilexit

511 2100 636 2177 eximie,
666 2098 834 2163 Pindarus:
860 2096 1075 2181 ostenditque,
1099 2098 1254 2180 quomodo
1278 2099 1412 2163 voluerit
1434 2101 1530 2165 animi

512 2226 543 2281 et
565 2217 702 2281 caritatis
727 2238 831 2280 verum
855 2215 1066 2279 testimonium
1090 2216 1206 2279 mnsicd
1228 2217 1392 2295 contineri,
1413 2218 1531 2301 sudqne

510 2343 592 2411 arte,
624 2333 707 2417 quod
740 2334 898 2419 attigimus
929 2342 1034 2409 autea,
1065 2334 1130 2417 ipse
1157 2335 1293 2397 caritatis
1320 2342 1352 2399 et-
1375 2336 1530 2401 amicitiae

511 2452 700 2538 praeclarum
733 2450 887 2535 quoddam
919 2450 1094 2535 exemplum
1117 2451 1265 2515 condidit.
1279 2454 1303 2536 2)
1348 2452 1408 2531 Et,
1432 2476 1532 2537 quum

511 2576 589 2632 esset
610 2568 811 2631 certaminum
832 2576 861 2630 et
880 2568 912 2631 in
932 2568 1068 2651 parando
1088 2576 1119 2630 et
1137 2568 1169 2631 in
1188 2568 1373 2652 perficiendo
1388 2591 1530 2634 summus

511 2686 614 2761 labor,
646 2707 796 2748 summam
826 2686 916 2747 etiam
940 2683 1055 2768 gloriae
1077 2685 1278 2763 suavitatem,
1302 2708 1457 2750 summum
1480 2710 1531 2751 su·

511 2825 598 2868 orum
622 2803 791 2866 carminum
815 2802 984 2885 praemium
1009 2801 1096 2865 dedit
1114 2802 1296 2866 victoribus:
1317 2804 1403 2867 velut
1424 2806 1531 2889 agai-

511 2920 600 2983 damo
625 2942 746 2983 carmen
770 2920 853 2983 misit
877 2942 944 2984 sero
968 2919 1110 3003 quidem,
1135 2920 1187 2983 sed
1212 2919 1441 2999 dulcissimum,
1466 2944 1530 3006 quo

502 3046 635 3121 accepto
670 3046 771 3122 posset
802 3037 855 3100 ille
886 3037 1029 3101 lubenter
1060 3060 1076 3100 e
1106 3038 1169 3101 vila
1200 3036 1371 3102 discedere:
1404 3040 1529 3118 „mollis

511 3154 643 3231 souus‚''
678 3155 796 3238 inquit,
828 3154 1021 3231 „carminum
1052 3153 1091 3217 ad
1123 3154 1230 3218 tibiam
1261 3164 1418 3234 occurret,
1450 3178 1530 3241 qnae

509 3294 577 3336 sero
609 3274 748 3356 quamvis
779 3280 996 3357 apparuerunt.
1043 3272 1103 3335 Sed
1134 3280 1171 3337 ut
1201 3274 1301 3357 proles
1333 3297 1370 3337 ex
1397 3276 1529 3359 conjuge

510 3391 587 3475 patri
623 3389 794 3453 desiderata
824 3391 907 3453 venit
935 3392 998 3474 jam
1031 3390 1069 3454 ab
1101 3399 1200 3454 aetate
1228 3392 1401 3476 juventutis
1431 3392 1530 3478 regri·

511 3508 607 3573 dienti
639 3516 834 3592 mentemque
862 3510 928 3593 ejus
953 3532 1137 3595 magnopere
1159 3510 1286 3574 caritate
1309 3510 1409 3588 fovet,
1434 3532 1531 3595 quan·

511 3625 676 3710 doquidem
713 3626 835 3690 divitias
870 3626 995 3691 domino
1026 3628 1194 3692 adventitio
1225 3628 1326 3692 alieno
1355 3629 1530 3712 relinquere

511 3744 721 3807 tristissimum
743 3744 886 3807 morienti
910 3751 971 3808 est:
997 3745 1040 3808 sic
1060 3745 1151 3808 etiam
1172 3745 1198 3808 si
1217 3745 1287 3828 quis
1306 3745 1422 3830 pulcris
1436 3746 1529 3810 rebus

512 3860 654 3945 perlectis
689 3859 755 3923 sine
789 3861 940 3937 carmine,
979 3860 1178 3945 Agesidame,
1209 3863 1241 3924 in
1272 3860 1372 3925 Hadis
1403 3861 1528 3927 domum

513 3978 631 4052 veniat,
664 3977 786 4040 inanem
818 3978 906 4041 duxit
939 3978 1081 4061 spiritum
1105 3986 1137 4042 et
1159 3979 1301 4063 exiguam
1324 3979 1467 4063 adjunxit
1488 3980 1533 4043 la·

512 4092 579 4156 bori
610 4093 823 4157 dnlcedinem:
855 4094 911 4158 tibi
943 4117 1015 4157 vero
1046 4094 1146 4158 dulcis
1176 4095 1242 4180 lyra
1274 4103 1305 4158 et
1327 4098 1430 4159 suavis
1453 4097 1532 4162 tibia

512 4208 635 4274 laudem
668 4210 873 4295 adspergunt:
906 4211 994 4275 alunt
1024 4211 1118 4275 latam
1141 4212 1268 4296 gloriam
1292 4212 1373 4276 filiae
1394 4212 1532 4279 Pierides

550 4468 573 4529 n
591 4468 651 4519 rna.
669 4470 706 4519 rr.
723 4468 801 4519 anuo.
903 4470 927 4531 a)
947 4468 1014 4518 conr
1024 4488 1082 4535 μς.
1099 4472 1139 4521 so.
