3725 5542
849 758 912 823 331

378 962 413 1028 G.
444 963 461 1026 I
492 962 529 1025 3:
561 960 641 1035 ἔθηκε
671 961 699 1024 δὲ
729 962 778 1024 καὶ
802 962 831 1025 ἕν
853 962 1010 1040 Ὀλυμπίᾳ
1032 960 1135 1037 &aaa
1157 961 1322 1039 Ἐνδυμίων.
1347 960 1381 1023 C.

379 1080 459 1145 VIII
486 1083 520 1144 l:
544 1080 592 1145 τὸν
614 1104 649 1144 τε
671 1081 774 1157 οἱγῶνοο
797 1082 895 1145 telvm.

422 1202 475 1264 39.
509 1199 625 1281 (adiere.
659 1197 882 1283 Saepenumero
905 1222 978 1263 sane
1001 1221 1083 1263 more
1098 1200 1183 1284 epioo
1201 1198 1316 1263 Fluviis
1332 1199 1384 1261 tri-

377 1318 515 1383 buuntur
538 1316 708 1381 divinitatis
731 1316 875 1401 epitheta.
922 1316 1141 1382 Verumtamen
1164 1338 1199 1381 ea
1222 1316 1272 1381 hic
1294 1317 1386 1401 sigui·

377 1437 485 1501 licetur
515 1435 574 1500 loci
604 1436 765 1513 sauctitas,
798 1457 875 1519 quae
906 1436 983 1501 festo
1012 1434 1097 1500 Iovis
1121 1436 1263 1501 instituto
1286 1458 1388 1500 consc-

377 1566 460 1621 crata
483 1562 570 1621 esset.
596 1553 646 1618 Ol.
670 1554 700 1618 X
726 1557 766 1619 53
789 1555 887 1636 ζάθεον
910 1553 1001 1628 ἄλσος
1024 1555 1151 1635 dicitur,
1168 1569 1199 1620 et
1213 1555 1327 1621 ibidem
1345 1556 1385 1617 58

378 1674 524 1741 Hercules
555 1684 695 1739 narratur
726 1673 854 1738 fluvium
885 1674 999 1758 Alphei
1029 1674 1194 1740 honorasse
1220 1697 1290 1739 cnm
1313 1674 1389 1739 duo-

377 1794 475 1859 decim
497 1793 574 1858 Diis.
621 1792 722 1857 Etiam
745 1793 802 1857 Iat.
826 1792 843 1856 I
866 1796 908 1857 45
932 1796 1043 1872 Ἰσθμος
1065 1794 1163 1876 {aare

423 1914 475 1977 40.
511 1912 640 1978 ἔθαλλεν.
677 1910 748 1976 Nou
772 1910 857 1975 aliud
881 1912 973 1997 hujus
996 1914 1079 1977 verbi
1102 1914 1274 1999 exemplum
1297 1915 1386 1990 novi,

378 2052 440 2115 quo
463 2030 623 2094 manifesta
645 2030 686 2093 ait
708 2030 868 2094 transitiva
891 2030 1073 2116 significatio
1097 2032 1279 2115 proferendi.
1303 2030 1387 2095 Solet

330 2155 334 2166 '
378 2172 442 2214 esse
471 2150 652 2234 significatio
674 2149 869 2213 intransitive
891 2149 1030 2215 florendi.
1077 2150 1191 2214 'lamen
1214 2148 1386 2235 Hesychius

377 2269 470 2334 habet
492 2268 655 2343 θάλλουσα,
679 2266 856 2344 οούξοὶνονοον.

423 2391 475 2452 41.
510 2388 621 2469 Κρονίου
652 2386 792 2459 Πέλοπος.
827 2386 933 2451 Potest
963 2388 1127 2474 significari
1150 2388 1236 2471 loeus
1263 2388 1294 2452 iu
1318 2410 1388 2451 con·

380 2506 458 2571 valle
491 2505 597 2571 (laonii
631 2505 759 2569 tumuli:
795 2506 848 2590 qni
882 2514 1068 2571 memoratur
1098 2506 1148 2572 Ol.
1180 2506 1196 2569 1
1223 2508 1302 2571 rto:
1334 2506 1388 2590 qni

380 2625 465 2690 locus
496 2624 589 2689 hrerit
618 2623 757 2709 Pelopis:
789 2623 843 2687 aed
874 2624 963 2688 credo
995 2624 1105 2705 Κρονίου
1135 2646 1199 2688 esse
1230 2623 1387 2709 epitheton

381 2750 430 2810 τοῦ
461 2744 608 2820 Πέλοπος,
641 2743 693 2827 qui
718 2742 777 2806 fuit
799 2743 881 2807 filius
903 2742 1042 2821 Tantali,
1067 2745 1156 2829 cujus
1177 2750 1273 2807 mater
1295 2741 1388 2805 Pluto

380 2862 457 2940 fuit,
488 2862 550 2927 filia
579 2862 720 2943 Saturni:
754 2870 790 2925 ut
819 2861 931 2926 docent
961 2862 1076 2926 scholia
1106 2870 1206 2926 vetera
1237 2861 1275 2926 ad
1306 2861 1389 2925 hunc

380 2982 491 3046 locum.
523 2980 657 3046 Priorem
681 2990 781 3046 tamen
806 2980 1038 3067 explicationem
1060 2980 1285 3046 commendavit
1307 2980 1389 3044 Aris·

380 3099 514 3165 tarchua.

426 3220 479 3283 43.
514 3222 617 3289 κᾶπος.
653 3216 823 3302 significari
846 3217 953 3283 dicunt
976 3217 1158 3282 scholiastes
1173 3218 1275 3283 locum
1291 3219 1390 3281 ventis

382 3336 564 3421 expositum.
611 3334 703 3416 Quod
742 3336 818 3399 mihi
855 3336 1006 3401 incertum
1040 3336 1171 3401 videtur.
1219 3335 1390 3422 significari

382 3453 460 3517 solet
482 3452 567 3517 loeus
591 3475 736 3518 amoenus
760 3462 790 3518 et
812 3454 966 3519 consitus:
991 3455 1041 3519 hic
1064 3464 1184 3520 tantum
1207 3455 1294 3519 locus
1313 3455 1390 3519 festo

383 3571 571 3648 destinatus,
594 3572 656 3637 fere
679 3580 714 3636 ut
738 3594 770 3635 vs
795 3576 835 3637 31
860 3571 960 3645 ἄλσος.

429 3692 481 3754 46.
515 3691 633 3769 Ἰονρίοο.
668 3688 716 3754 cf.
741 3712 818 3775 quae
841 3692 1054 3756 annotavimus
1077 3692 1115 3756 ad
1138 3715 1172 3755 vs
1196 3695 1248 3757 29.

428 3814 481 3875 47.
517 3810 666 3875 Ἱννονοοόν.
703 3809 797 3894 Apud
821 3810 1008 3888 Homerum,
1032 3810 1071 3875 Il.
1097 3809 1123 3872 V
1148 3814 1231 3889 205,
1255 3820 1301 3875 est
1323 3835 1392 3891 χον-

383 3931 474 4004 stator
494 3928 645 4009 Ἄρτεμις.
671 3927 776 4008 Quum
800 3937 902 3994 autem
927 3932 1112 4008 Amazones,
1137 3952 1216 4014 quae
1239 3929 1289 3994 Ol.
1311 3929 1393 3994 VIII

386 4051 426 4111 62
451 4070 522 4113 cum
544 4048 616 4111 Istri
639 4050 793 4113 mentione
817 4050 1006 4135 copulantur
1028 4052 1061 4115 in
1083 4048 1285 4115 memorandis
1301 4048 1394 4135 Apol·

384 4167 455 4231 linis
485 4166 681 4244 caritatibus,
713 4166 831 4232 Dianae
863 4167 1005 4232 cultrices
1036 4167 1166 4245 fuerint,
1198 4168 1324 4231 sortasse
1354 4166 1392 4231 ab

386 4284 422 4349 iis
445 4294 475 4350 et
499 4284 535 4349 ah
560 4284 764 4369 Hyperboreis
787 4286 954 4371 impensius
977 4286 1023 4351 illi
1043 4286 1126 4351 Deae
1140 4286 1273 4371 dignitas
1289 4307 1392 4369 eques

386 4404 441 4467 tris
465 4404 579 4467 tributa
601 4402 670 4467 fuit.
718 4404 809 4488 Apud
834 4402 1012 4489 Euripidem
1034 4405 1065 4469 in
1090 4402 1277 4489 Hippolyto,
1308 4405 1391 4482 328,

387 4521 525 4587 Phaedra
547 4521 677 4587 Dianam
696 4522 830 4609 appellat
845 4522 994 4588 δέσποννοιν
1008 4524 1178 4603 γυμνασίων
1191 4529 1247 4589 τῶν
1261 4523 1393 4603 ἱπποκρά-
