3725 5542
815 738 879 796 435

333 932 475 997 victorias
506 939 683 1018 reportasse.
720 933 811 998 Illum
845 956 956 998 morem
990 957 1049 998 non
1079 957 1156 1020 opus
1180 946 1225 1002 cst
1250 938 1353 1022 Mega·

332 1049 475 1114 rensibus
498 1051 623 1114 omniun
647 1058 756 1135 putare
780 1051 874 1115 fuisse
897 1051 1075 1135 proprium:
1100 1053 1164 1117 ficri
1184 1055 1300 1138 potuit,
1319 1063 1355 1119 ut

335 1165 485 1250 Diagorae
509 1167 653 1230 victoriae
675 1175 799 1252 propter
814 1167 1045 1232 multitudinem
1063 1177 1117 1232 aut
1134 1181 1258 1256 propter
1274 1195 1355 1257 urag-

334 1307 405 1348 nam
438 1286 495 1350 riri
527 1286 656 1369 gloriam
688 1287 853 1372 inscriptae
882 1287 945 1350 siut
974 1289 1007 1350 in
1035 1288 1191 1368 columna,
1216 1293 1355 1374 quamvis

332 1400 366 1464 id
389 1423 451 1464 non
476 1401 588 1466 soleret
611 1423 730 1487 semper
749 1403 823 1466 fieri.
856 1401 950 1466 Recte
966 1402 1126 1468 Dissenius
1143 1406 1241 1470 simile
1258 1428 1355 1472 exem·

333 1517 419 1603 plum
454 1518 542 1583 affert
572 1519 734 1584 Chionidis
766 1519 1021 1598 Lacedaemonii,
1049 1523 1136 1606 cujus
1164 1523 1225 1587 luit
1252 1523 1356 1609 Olym-

337 1635 406 1718 piae
424 1634 568 1700 columna
582 1636 714 1713 λέγουσαι
731 1635 788 1708 ταὶς
807 1637 905 1710 ulnae:
925 1637 1059 1703 Pausan.
1076 1637 1113 1702 L.
1123 1637 1170 1702 VI
1179 1638 1213 1705 Ο.
1228 1639 1310 1704 XIII
1327 1645 1354 1707 1.

381 1753 453 1815 159.
489 1755 607 1833 ψᾶφος.
655 1753 839 1831 Decretum,
871 1755 1040 1820 sententia:
1073 1755 1121 1820 vel
1152 1757 1289 1822 calculus
1323 1761 1354 1822 in

333 1868 533 1933 numerando.
579 1869 720 1955 Utraque
743 1872 929 1954 significatio
953 1872 1011 1936 hoc
1034 1872 1102 1936 loco
1126 1895 1190 1937 esse
1207 1897 1295 1958 posse
1311 1877 1354 1940 vi·

332 1984 439 2048 detur:
453 1987 479 2050 si
493 1986 625 2071 priorem
638 1987 849 2064 admittimus,
863 1989 1077 2071 significantur
1090 1989 1226 2069 decreta,
1240 1992 1356 2074 quibus

332 2123 350 2164 a
380 2103 582 2167 certaminum
611 2103 735 2168 arbitris
759 2105 903 2168 victoriae
926 2106 1061 2170 tributae
1085 2114 1159 2171 sunt
1183 2107 1354 2193 Diagorae,

332 2219 430 2283 incisa
461 2219 573 2304 lapidi:
606 2242 734 2306 eamque
764 2222 796 2285 in
820 2221 1071 2307 interpretatione
1095 2223 1207 2288 Latina
1230 2233 1355 2291 secutus

333 2358 411 2400 sum.
448 2338 491 2401 At
522 2338 624 2402 denuo
656 2339 840 2419 meditatus,
874 2341 1028 2405 caleulum
1059 2343 1222 2425 significari
1246 2343 1355 2422 crudo,

332 2456 612 2533 enumerationem,
637 2458 908 2542 computationem.
957 2458 1059 2524 Λιθίννι
1082 2465 1184 2523 tamen
1203 2459 1355 2542 significat

332 2573 593 2636 enumerationem
616 2574 649 2636 in
673 2572 776 2658 lapide
799 2575 926 2638 incisam
949 2575 1055 2639 luisse.

380 2690 453 2752 159.
488 2689 580 2755 Ἀλλ’
603 2688 624 2755 ὦ
646 2697 704 2755 Ζεῦ
727 2693 830 2771 πάτερ.
869 2692 969 2757 Multa
993 2691 1075 2776 apud
1101 2700 1205 2777 poetes
1226 2692 1354 2758 similia:

333 2805 418 2868 velut
440 2806 554 2871 Aesch.
578 2806 661 2891 Sept.
687 2829 713 2872 c.
737 2807 795 2873 Th.
824 2811 896 2874 118.

384 2926 458 2989 160.
499 2925 688 3007 Ἀταβυρίου.
732 2927 877 3012 Atabyris
912 2927 1086 3011 appellatur
1120 2925 1280 3003 Straboni,
1316 2924 1353 2990 L.

336 3039 413 3103 XIV
438 3064 467 3125 p.
493 3044 575 3119 655,
600 3065 678 3127 pone
695 3042 829 3107 Lindum
848 3044 944 3121 situs,
962 3066 1050 3107 mons
1068 3043 1253 3119 altissimus,
1270 3063 1355 3106 sacer

334 3155 406 3221 Jovi
429 3159 586 3243 Atabyrio.
620 3159 782 3244 Templum
807 3161 850 3226 ibi
874 3161 911 3226 ab
936 3161 1138 3225 Althaemene
1160 3159 1230 3224 Jovi
1250 3159 1354 3224 condi·

335 3282 400 3338 tum
425 3297 489 3339 esse
512 3284 616 3340 narrat
637 3275 792 3341 Diodorus
808 3265 957 3354 Siculus,
972 3276 1055 3360 quod
1075 3279 1166 3342 etiam
1185 3285 1351 3340 suaaetate

334 3392 486 3457 coleretur
507 3394 660 3478 impense:
685 3393 721 3458 L.
747 3393 776 3456 V
799 3393 835 3459 C.
862 3398 914 3459 59.

380 3513 420 3575 lo
433 3516 454 3575 Ι.
502 3511 628 3578 Μεδὲων.
664 3511 813 3576 Similiter
843 3533 913 3575 cum
938 3510 1041 3575 dativo
1066 3519 1112 3574 est
1136 3511 1218 3596 apud
1244 3509 1351 3575 Hesio-

331 3626 406 3691 dum
428 3626 544 3711 Theog.
571 3631 612 3691 54

485 3745 664 3821 Μνημοσύνη
686 3752 828 3822 γουνοῖσιν
850 3745 1019 3824 Ἐλευθῆρος
1042 3745 1194 3824 μεδέουσα.

330 3864 374 3925 at
403 3862 523 3946 saepius
547 3883 616 3926 cum
639 3863 793 3946 genitivo,
818 3861 902 3927 velut
925 3861 1040 3946 Hymn.
1066 3861 1157 3926 Hom.
1182 3861 1211 3924 X
1235 3862 1268 3924 in
1293 3859 1352 3924 Ve-

329 4001 430 4044 nerem
455 3981 476 4042 4

479 4104 568 4179 Χαῖρε
591 4099 642 4163 en
665 4105 838 4177 Σαλαμῖνος
860 4097 1030 4177 ἐϋκτιμένης
1052 4096 1197 4176 μεδέουσα

328 4219 359 4275 et
381 4211 496 4278 XVIII
518 4215 550 4278 in
574 4215 764 4280 Mercurium
788 4219 807 4278 2

451 4333 603 4408 Κυλλήνης
625 4331 767 4410 μεδέοντα
791 4334 839 4398 καὶ
864 4331 1019 4413 Ἀρκαδίης
1042 4331 1223 4408 πολυμήλου.

328 4448 405 4512 (lum
430 4450 655 4535 praepositione
678 4450 760 4534 apud
784 4449 1084 4534 Sophoclem,‘Ant.
1112 4449 1196 4511 1119

1169 4565 1224 4622 28*
