3725 5542
786 676 848 738 541

327 867 442 933 rediret
477 871 646 937 Adduntur
667 874 773 959 plura,
798 897 902 938 verum
926 877 970 939 ila
994 876 1117 960 quidem
1141 875 1251 938 Medea
1268 874 1331 936 vin·

327 986 441 1056 dicatur
474 987 705 1055 Corinthiorum
737 993 923 1076 antiquitati.
973 992 1013 1056 Et
1043 992 1139 1083 altera
1169 994 1201 1056 in
1233 1002 1331 1056 vetere

328 1105 437 1169 scholio
453 1107 534 1171 fama
548 1116 609 1187 est,
627 1110 735 1173 famem
753 1109 925 1175 Corinthia
939 1111 1046 1175 Medea
1060 1110 1212 1195 expiatam
1223 1110 1332 1185 fuisse,

329 1225 416 1289 seems
437 1225 526 1289 factis
550 1225 653 1291 Cereri
676 1222 892 1314 Nymphisque
915 1227 1062 1292 Lemniis.
1088 1227 1202 1292 Verum
1218 1234 1334 1291 certum

328 1340 532 1406 testimouium
561 1352 677 1423 exstat,
702 1344 786 1429 apud
809 1343 986 1409 Corinthios
1011 1346 1121 1410 bonam
1146 1345 1279 1429 aliquam
1305 1353 1336 1407 et

329 1458 509 1523 laudabilem
540 1460 579 1523 de
610 1460 721 1524 Medea
749 1462 897 1526 mansisse
923 1463 1052 1525 lamam:
1077 1484 1165 1538 nam,
1190 1459 1273 1546 quod
1297 1460 1335 1523 ad

331 1595 361 1637 rs
391 1577 433 1637 82
465 1576 662 1661 scripsimus,
690 1579 723 1642 in
746 1577 828 1642 bello
851 1577 973 1642 Persico
997 1578 1138 1642 mulieres
1162 1577 1338 1642 Corinthios

331 1713 431 1776 preces
454 1693 578 1771 fecisse,
602 1703 639 1757 nt
660 1696 733 1759 viris
756 1696 820 1759 suis
843 1696 992 1760 fortitudo
1016 1697 1204 1780 injiceretur,
1229 1694 1337 1780 idque,

334 1816 365 1872 ut
387 1810 488 1874 estin
511 1810 645 1888 scholio,
669 1822 826 1877 narratum
850 1835 915 1877 esse
935 1813 1184 1899 a'I'heopompo:
1201 1812 1340 1876 lecerunt

331 1949 378 1991 aas
410 1950 513 2013 preces
535 1929 568 1992 iu
591 1929 707 2014 templo
731 1928 877 2007 Veneris,
902 1930 984 2014 quod
1009 1953 1026 1993 a
1050 1930 1160 1993 Medea
1182 1928 1342 1993 dicebatur
1387 1910 1393 1919 ’

332 2068 394 2109 csse
417 2044 576 2110 conditum
599 2057 742 2111 monente
757 2047 895 2111 Juncnc:
912 2056 944 2111 et
959 2048 1085 2111 fuerunt
1101 2048 1190 2111 etiam
1209 2069 1260 2111 eae
1277 2068 1342 2131 pre-

333 2184 379 2226 ces
402 2163 434 2225 in
459 2163 514 2226 illo
536 2164 651 2248 templo
675 2165 849 2249 inscriptae.
882 2163 984 2228 Etiam
1009 2166 1040 2227 in
1061 2186 1129 2228 arca
1145 2163 1269 2249 Cypseli
1285 2164 1346 2228 fuit

333 2281 431 2363 imago
454 2280 582 2345 Medeae
605 2282 636 2345 in
660 2281 789 2360 throno,
814 2282 1007 2346 adstantibus
1027 2281 1139 2345 Jasone
1160 2289 1191 2345 et
1211 2280 1345 2359 Venere,

333 2404 365 2461 et
386 2398 546 2482 inscriptio

445 2515 578 2591 Μήδειαν
599 2515 701 2581 Ἰάσων
723 2517 847 2600 γαμέει,
869 2515 989 2583 κέλεται
1013 2516 1038 2580 δ’
1064 2515 1243 2597 Ἀφροδίτα·

335 2631 425 2695 Pane.
458 2630 494 2696 L.
519 2630 548 2694 V
572 2632 607 2696 G.
632 2632 746 2696 XVIII
771 2635 800 2697 1.
849 2634 894 2697 Ut
915 2635 959 2699 ibi
983 2632 1107 2719 quidem
1133 2654 1190 2696 nec
1214 2653 1284 2698 oum
1300 2630 1349 2694 Ja·

335 2751 418 2813 sonis
441 2771 583 2814 naccum
599 2749 727 2815 Medeae
742 2752 823 2815 fama
838 2752 1009 2837 quidquam
1025 2752 1224 2835 conjunctum
1242 2749 1350 2827 fuerit,

263 2856 268 2860 ’
336 2868 420 2953 quod
443 2888 506 2932 non
530 2875 609 2932 esset
632 2868 797 2933 laudabile.

384 2987 436 3051 78.
471 2985 511 3049 ccl
533 2985 562 3049 δὲ
585 2985 646 3049 καὶ.
682 2985 908 3049 Adverbialiter
930 2985 1006 3049 haec
1030 2986 1130 3069 posita
1155 2994 1227 3047 sunt
1252 2989 1282 3046 et
1305 3004 1353 3046 co-

337 3102 448 3187 pulant
471 3102 631 3187 sequentia
654 3123 724 3165 oum
748 3102 1022 3186 praecedentibus:
1047 3102 1126 3167 conf.
1144 3098 1194 3164 Ol.
1212 3098 1259 3163 IX
1279 3102 1352 3164 143.

386 3221 437 3285 79.
472 3220 620 3296 ἐδόκησαν.
655 3218 710 3303 Py.
734 3218 781 3282 VI
813 3224 855 3283 39
889 3220 1074 3284 Antilochus
1105 3217 1245 3282 Nestoris
1272 3217 1354 3281 filius

337 3337 470 3413 ε’δὸιαιτεν
491 3334 603 3408 ὕπατος
626 3337 721 3415 ἔμμεν
743 3337 812 3417 πρὸς
837 3335 953 3416 ἀρετάν.

385 3458 437 3518 80.
473 3454 521 3519 ἐτ’
552 3455 721 3535 ἀμφότερα.
758 3454 888 3538 Propter
920 3476 1075 3519 armorum
1098 3454 1274 3518 societatem
1298 3451 1356 3517 Oo-

335 3570 462 3635 rinthiis
494 3581 525 3635 et
554 3571 694 3657 'lhoy'anis
726 3571 840 3635 dicitur
867 3571 900 3634 in
924 3570 1048 3635 scholiis
1071 3569 1237 3635 Simonidis
1259 3570 1355 3633 fuisse

336 3687 484 3767 verbum,
509 3689 678 3755 Corinthiis
702 3710 764 3754 non
792 3690 882 3753 irasci
906 3688 1021 3753 Ilium:
1045 3682 1155 3753 siinilia
1180 3696 1252 3752 sunt
1274 3686 1357 3773 apud

337 3808 558 3885 Aristotelem,
583 3806 673 3872 Rbet.
697 3806 714 3871 I
738 3806 774 3871 O.
798 3806 864 3884 VI,
890 3808 1047 3885 Σιμανῶνυ
1066 3809 1249 3888 ποιήσαντος,
1267 3816 1360 3887 Κνριν-’

334 3926 404 3995 δίας
428 3925 454 3987 δ’
475 3926 508 3988 οὐ
531 3926 688 4004 μέμφεται
711 3925 745 3988 τὸ
763 3926 863 3990 Ἴλιον.

388 4046 439 4105 80.
475 4046 586 4121 μαχῖιν
614 4041 729 4120 τέμνειν
745 4043 838 4114 τέλος.
887 4040 1059 4106 Scholiasta
1082 4046 1187 4104 vetus:
1212 4040 1360 4116 διατεμεῖν

266 4202 269 4205 «
335 4163 390 4225 καὶ
422 4161 512 4240 τέρας
542 4160 695 4225 ἐπιτιθέναι
726 4170 763 4239 τῇ
787 4162 885 4244 μάχα.
932 4158 1042 4245 Eurip.
1068 4158 1189 4223 Heracl.
1216 4161 1278 4225 758
1302 4158 1360 4224 xlv-

337 4278 420 4342 δννιν
444 4281 534 4358 τνλιῷ
557 4288 658 4354 τεμεῖν
682 4278 799 4357 σιδάρῳ.
822 4276 883 4341 Vix
908 4276 946 4341 ab
971 4276 1039 4340 aliis
1063 4276 1153 4340 rebus
1177 4272 1256 4341 hanc
1279 4276 1362 4341 locu·

339 4398 457 4460 tionem
491 4395 660 4460 desumtam
693 4396 852 4459 existimo:
885 4395 917 4459 id
943 4394 1025 4477 quod
1049 4393 1189 4477 Heynius
1214 4382 1319 4478 putat,
1344 4418 1363 4458 a

1169 4513 1226 4571 85*
