3725 5542
983 691 1047 751 452

507 891 589 954 idem
612 888 807 954 Boeckhius:
831 909 938 951 verum
960 887 1102 971 equidem
1126 911 1175 953 me
1197 889 1230 954 id
1253 891 1336 976 apud
1355 892 1523 958 Homerum

503 1007 603 1090 legere
625 1027 688 1069 non
710 1005 846 1068 memini.
893 1003 1025 1082 Helius,
1050 1013 1086 1068 ut
1109 1005 1217 1084 credo,
1242 1007 1424 1075 scholiastae
1439 1010 1523 1075 Xan·

504 1124 594 1187 thum
615 1123 727 1208 Lyciae
742 1123 872 1186 fiuvium
889 1122 1055 1206 significari
1070 1125 1255 1189 existimant.
1281 1126 1355 1191 Erat
1366 1127 1419 1190 ille
1431 1128 1522 1192 etiam

502 1242 625 1325 longius
648 1264 666 1305 a
688 1239 797 1326 Trojae
819 1239 981 1303 moenibus
1001 1249 1152 1318 remotus,
1171 1249 1203 1304 et
1218 1251 1426 1308 memorantur
1440 1267 1524 1330 prae·

501 1365 585 1421 terea
615 1360 785 1422 Amazones
812 1365 844 1420 et
865 1356 964 1434 Ister,
989 1357 1108 1422 diversa
1131 1367 1162 1422 et
1185 1358 1356 1444 longinqua
1377 1361 1461 1426 loca:
1486 1373 1523 1426 ut

501 1474 606 1538 divina
628 1474 783 1559 Apollinis
806 1474 945 1537 celeritas
969 1491 1123 1559 appareat.
1158 1475 1285 1541 Ludens
1308 1480 1442 1562 respexit
1463 1477 1523 1542 for-

498 1599 580 1656 tasse
609 1592 694 1656 huno
715 1591 843 1655 Pindari
865 1591 968 1654 locum
990 1590 1164 1670 Lucienus,
1189 1593 1243 1658 Bis
1266 1597 1377 1660 Aecus.
1404 1595 1442 1659 I:
1467 1595 1522 1660 ubi

503 1708 627 1793 Jupiter
649 1731 780 1792 querens
796 1707 834 1772 de
849 1707 968 1772 difficili
983 1717 1015 1773 et
1030 1709 1183 1773 laboriose
1198 1712 1260 1774 vita
1276 1711 1413 1776 Deorum
1430 1713 1523 1798 Apol·

500 1827 572 1890 linis
596 1824 715 1889 labores
738 1824 878 1908 deplorat
900 1825 933 1888 in
957 1824 1107 1890 adeundis
1125 1827 1303 1891 multifariis
1319 1829 1405 1893 loeis.
1430 1833 1524 1895 Ama·

497 1963 587 2006 sones
610 1963 683 2028 vero
704 1941 865 2018 amiserae,
890 1963 969 2025 quae
992 1943 1031 2005 ad
1047 1941 1305 2008 Thermodontem
1321 1945 1519 2023 habitarunt,

495 2060 581 2124 fuere
610 2059 753 2123 cultrices
783 2058 920 2134 Dianae,
951 2060 1041 2142 eique
1071 2062 1221 2145 templum
1253 2061 1290 2126 ab
1317 2062 1380 2126 illis
1404 2061 1518 2148 Ephesi

496 2176 656 2239 eonditum
685 2175 780 2239 fuisse
812 2174 972 2238 affirmavit
999 2175 1170 2254 Pindarus,
1194 2185 1231 2242 ut
1254 2186 1386 2244 testatur
1408 2179 1520 2243 Pausa-

496 2294 582 2368 nias,
613 2292 686 2356 licet
713 2293 780 2377 ipse
801 2291 834 2355 id
856 2292 973 2357 factum
996 2315 1062 2357 esse
1084 2303 1193 2378 neget:
1216 2293 1254 2358 L.
1278 2294 1345 2360 VII
1367 2295 1403 2361 Ο.
1427 2296 1462 2361 II
1485 2301 1516 2362 4.

495 2410 583 2475 Idem
607 2418 654 2474 est
676 2409 759 2494 apud
783 2409 1025 2488 Callimachum,
1051 2411 1165 2495 Hymn.
1190 2413 1222 2476 in
1245 2415 1363 2478 Artem.
1389 2416 1454 2480 287

633 2527 684 2592 Σοὶ
707 2526 758 2590 καὶ
781 2526 969 2608 'amabe
992 2529 1121 2605 πολέμου
1143 2531 1359 2610 &empireum

631 2645 660 2709 ἓν
681 2668 748 2709 κοτε
770 2646 914 2724 salionis
936 2645 1065 2727 Ἐφέσου
1087 2645 1198 2725 βρέτας
1221 2647 1381 2726 ἱδρύσαντο.

496 2762 597 2825 Diana
630 2769 733 2825 autem
763 2760 897 2846 Ephesia
927 2785 1114 2847 quamquam
1145 2786 1163 2826 a
1194 2764 1381 2828 Graecorum
1415 2764 1516 2828 Diana

495 2899 598 2940 sorore
630 2876 783 2961 Apollinis
813 2877 1032 2962 distinguenda
1061 2887 1125 2958 est,
1149 2879 1302 2944 Pindarus
1324 2890 1427 2945 tamen
1449 2903 1515 2945 eam

494 3015 558 3058 non
580 2993 762 3078 distinguit,
785 3017 881 3079 quum
906 2998 1077 3060 Amazonas
1101 2998 1193 3061 etiam
1216 2999 1248 3062 in
1264 2996 1420 3082 Apollinis
1435 3020 1516 3062 amo-

493 3133 560 3175 rem
588 3110 746 3175 adscisoat
782 3111 992 3196 Hyperborei,
1023 3111 1095 3177 latri
1124 3114 1260 3192 aceolae,
1285 3136 1379 3200 quam
1401 3115 1515 3179 tuerint

493 3227 666 3292 secundum
695 3227 863 3293 Pindarum
897 3229 1037 3314 Apollini
1068 3231 1190 3308 dilecti,
1207 3220 1401 3317 'intelligitur
1423 3232 1514 3296 etiam

493 3370 530 3411 er
552 3347 605 3411 Ol
628 3345 682 3411 111
704 3350 767 3425 29,
790 3347 846 3413 ubi
867 3347 965 3412 Poeta
987 3347 1074 3413 illum
1094 3349 1245 3435 populum
1258 3349 1515 3436 appellat’Asrda·

490 3479 580 3536 λωνος
610 3463 781 3542 asparem„
828 3462 938 3544 Quum
968 3486 1039 3528 vero
1069 3473 1191 3530 cantata
1213 3465 1284 3530 Deli
1307 3468 1339 3531 in
1366 3466 1459 3532 sacris
1474 3464 1513 3530 ab

492 3579 700 3665 Hyperboreis
730 3581 862 3665 acceptis
892 3581 1028 3645 carmina
1059 3579 1097 3646 ab
1127 3580 1225 3646 Olene
1246 3580 1341 3666 Lycio
1364 3583 1445 3647 facta
1470 3605 1514 3646 es-

491 3705 578 3773 seut,
602 3696 805 3782 tumulusque
827 3696 1021 3761 sacerdotum
1045 3697 1311 3781 Hyperborearum
1334 3698 1406 3762 Deli
1421 3698 1514 3762 luerit

490 3835 571 3898 pone
593 3813 745 3897 templum
767 3813 904 3890 Dianae,
927 3813 1097 3878 secundum
1120 3813 1315 3879 Herodotum
1337 3813 1373 3882 L.
1391 3813 1437 3879 IV
1454 3817 1512 3889 35,

490 3928 577 4006 vide,
600 3952 641 3994 an
662 3952 727 3994 non
750 3931 919 3994 Amazonas
943 3940 975 3994 et
998 3931 1211 4016 Hyperboreos
1235 3940 1266 3996 et
1288 3931 1414 4016 Lyciam
1432 3954 1513 3997 eom-

489 4045 686 4111 memorando
717 4046 871 4111 Pindarus
903 4047 1041 4133 ejusdem
1073 4049 1203 4134 alicujus
1229 4056 1368 4113 vetustae
1391 4047 1511 4114 fabulae

489 4171 591 4248 partes
621 4165 805 4248 respexerit,
836 4186 914 4249 quae
945 4163 983 4227 ad
1017 4165 1172 4248 Apollinis
1195 4186 1231 4228 ao
1253 4164 1371 4228 Dianae
1393 4165 1511 4228 cultum

489 4280 682 4364 pertinuerit.
715 4278 788 4360 Quo
810 4283 907 4366 magis
930 4281 1129 4358 adducimur,
1146 4291 1183 4346 ut
1197 4283 1400 4347 assentiamur
1414 4281 1510 4346 Brou-

489 4417 587 4474 vero,
618 4395 723 4461 cultus
755 4397 871 4463 Dianae
902 4399 1037 4464 Graecae
1060 4407 1092 4464 et
1116 4399 1233 4465 Dianae
1255 4398 1407 4487 Ephesiae
1429 4421 1509 4464 com·
