3725 5542
810 708 873 769 551

336 916 394 973 ret.
440 908 571 973 Goemui
604 908 687 972 lilius
727 915 828 984 vetes,
860 928 952 992 quern
983 906 1148 991 Polyidum
1181 907 1273 974 luisse
1304 908 1349 972 di·

336 1034 411 1091 cunt
440 1024 638 1103 scholiastae,
669 1024 926 1110 Bellerophontae
957 1033 1110 1103 suaserat,
1139 1033 1176 1090 ut
1205 1026 1244 1090 ad
1264 1048 1347 1091 aram

336 1142 490 1207 Minervae
513 1144 655 1211 cuberet:
678 1142 722 1208 ibi
745 1143 796 1207 hic
819 1141 899 1207 illud
922 1142 1076 1207 somnium
1099 1142 1218 1209 videret
1241 1144 1349 1213 etfre-

335 1282 411 1324 num
440 1269 608 1345 repererat:
639 1282 725 1325 nunc
754 1260 855 1326 laetus
887 1258 953 1323 adit
983 1280 1052 1325 eum
1083 1266 1115 1323 et
1137 1261 1180 1324 rei
1204 1269 1347 1328 eventum

334 1378 469 1463 exponit.
847 1466 850 1471 Ι
1098 1434 1104 1445 .

383 1496 456 1559 105.
490 1494 592 1571 δεῖξεν.
624 1494 767 1559 Fortasse
788 1493 848 1558 hoc
863 1493 1014 1559 vocabulo
1030 1492 1125 1559 Poste
1140 1494 1257 1573 utitur,
1273 1496 1347 1581 quio

334 1612 426 1677 etium
456 1635 584 1679 aureum
612 1613 731 1677 lrenum
756 1610 944 1677 Goersuidae
968 1610 1222 1696 Bellerophontes
1246 1620 1346 1679 osten·

333 1729 422 1795 derit
468 1730 529 1795 Sed
559 1737 713 1815 praestare
743 1728 851 1806 oredo,
883 1736 1004 1795 tantum
1029 1729 1201 1815 exponendi
1225 1739 1256 1797 et
1278 1753 1347 1796 ner·

332 1846 421 1913 randi
442 1847 696 1932 significationem
720 1846 813 1913 verbo
835 1846 981 1912 tribuere.

380 1968 452 2029 lll.
487 1965 704 2044 δαμασίφρονα.
740 1964 864 2047 Ergone
895 1963 983 2049 equis
1014 1970 1087 2029 suut
1118 1964 1258 2029 mentes?
1303 1970 1346 2031 At

331 2090 412 2146 certe
435 2080 487 2145 hic
508 2081 541 2145 id
565 2081 749 2147 vocabulum
771 2081 923 2167 exquisite
947 2082 1082 2167 positum
1105 2091 1152 2146 est
1170 2089 1203 2146 et
1217 2082 1345 2168 dignum

331 2198 466 2283 Pegaso,
498 2220 561 2263 uon
592 2199 659 2263 sine
689 2198 846 2263 Minervae
875 2219 933 2282 ope
962 2197 1133 2277 domanda,
1158 2208 1189 2263 et
1212 2200 1345 2266 admisso

331 2324 439 2400 postea
461 2314 500 2379 ed
521 2315 610 2379 Jovis
632 2315 800 2400 praesepis.

378 2435 451 2499 114.
485 2432 666 2513 καρταίααῖ.
701 2430 872 2513 Scholiasta
901 2438 1007 2508 vetus,
1040 2431 1095 2517 qui
1125 2438 1227 2499 tamen
1251 2434 1344 2500 habet

328 2551 528 2629 rimamus,
563 2550 624 2613 hoc
654 2547 837 2614 vocabulum
868 2547 1028 2633 Delphicis
1060 2550 1218 2635 proprium
1251 2552 1346 2617 fuisse

330 2667 416 2733 dicit.
451 2666 545 2753 Apud
562 2667 731 2733 Homerum
747 2665 786 2730 Il.
806 2666 885 2731 XIX
902 2669 966 2731 361
984 2667 1102 2747 θώρηκας
1118 2671 1344 2749 κραταιγύαλοι.

378 2788 450 2849 114.
484 2787 596 2867 cispite.
631 2784 725 2851 Baete
755 2784 919 2855 scholiasta
951 2791 1038 2851 vetus
1069 2787 1175 2869 esset„
1204 2788 1270 2855 ἀντὶ
1293 2796 1344 2854 τοῦ

326 2901 444 2984 σφαίζη,
480 2904 547 2985 top,
573 2904 634 2967 απὸ
661 2909 713 2969 τοῦ
740 2904 1037 2986 παρακολουθοῦντας,
1065 2906 1102 2977 ὡς
1125 2894 1276 2985 Ὅμηραςε
1303 2905 1343 2970 Il.

328 3018 434 3085 1459

438 3139 581 3218 αὐέρυσαν
603 3140 657 3214 μὲν
679 3143 781 3219 πρῶτα
804 3138 855 3203 καὶ
877 3136 1016 3219 ἔσφαξαν
1039 3138 1088 3203 καὶ
1111 3138 1228 3219 ἔδειραν.

375 3257 448 3320 115.
482 3253 592 3333 βωμὸν.
626 3255 778 3319 Memorat
808 3254 995 3332 Pausanias,
1026 3254 1063 3319 L.
1095 3254 1143 3321 IV
1174 3254 1209 3321 0.
1242 3256 1277 3321 Π
1304 3260 1340 3337 1,

326 3372 482 3437 Minervae
504 3372 705 3437 Chulinitidis
728 3372 876 3457 templum
901 3370 1063 3449 Corinthi,
1088 3381 1119 3438 et
1143 3394 1265 3439 causum
1289 3374 1341 3438 ad·

320 3492 407 3577 jicit,
440 3490 525 3577 quod
547 3490 603 3555 illa
624 3489 884 3575 Bellerophonten
907 3490 1060 3574 adjuverit
1084 3498 1114 3555 et
1138 3491 1166 3555 ei
1186 3490 1338 3577 Pegasum

324 3607 486 3673 tradiderit
516 3608 629 3693 injecto
659 3608 755 3672 freno.
803 3607 907 3693 Ipsius
933 3629 1058 3692 quoque
1081 3608 1338 3693 Bellerophontae
1384 3644 1386 3649 .

324 3725 383 3789 fuit
413 3726 518 3789 lanum
548 3726 580 3790 in
612 3724 684 3791 luco
714 3724 834 3789 Oraneo
864 3733 937 3790 ante
960 3724 1158 3791 Corinthum:
1184 3725 1274 3790 Paua.
1299 3726 1336 3792 L.

323 3840 416 3907 110.
441 3842 530 3906 114.

372 3958 439 4023 118.
474 3961 576 4025 κτίσιν.
612 3960 649 4023 Iu
680 3958 807 4043 scholiis
834 3958 1005 4042 explicatur
1027 3981 1081 4045 per
1103 3957 1225 4040 πρᾶξαι
1250 3969 1281 4025 et
1304 3962 1336 4027 iu

322 4074 439 4139 scholio
470 4077 637 4141 recentiore
666 4076 782 4157 κούφαν
805 4096 841 4139 eo
864 4075 1081 4152 incessitur,
1106 4086 1141 4141 ut
1165 4076 1336 4162 explicetur

323 4192 553 4271 adverbialiter,
577 4192 680 4277 explet
702 4193 839 4256 Deorum
862 4192 1090 4277 potentiacum
1113 4194 1228 4275 κούφας
1250 4218 1334 4273 reor·

321 4310 398 4375 teris
420 4313 554 4391 εὐχερῶς.
590 4308 627 4375 In
651 4308 874 4393 significatione
890 4308 1032 4375 vocabuli
1048 4310 1140 4375 κτίσιν
1158 4312 1333 4395 acquiesco:

322 4428 451 4491 lostam
485 4426 603 4513 aliquid
634 4425 663 4491 ei
693 4425 873 4513 adjunctum
905 4444 968 4504 est,
1001 4426 1085 4511 quod
1116 4427 1155 4492 ad
1186 4450 1330 4495 conamen
