<?xml version="1.0" encoding="UTF-8"?>
<!DOCTYPE html PUBLIC "-//W3C//DTD XHTML 1.0 Transitional//EN"
    "http://www.w3.org/TR/xhtml1/DTD/xhtml1-transitional.dtd">
<html xmlns="http://www.w3.org/1999/xhtml" xml:lang="en" lang="en">
 <head>
  <title>
</title>
<meta http-equiv="Content-Type" content="text/html;charset=utf-8" />
  <meta name='ocr-system' content='tesseract 3.04.00' />
  <meta name='ocr-capabilities' content='ocr_page ocr_carea ocr_par ocr_line ocrx_word'/>
</head>
<body>
  <div class='ocr_page' id='page_1' title='image "./pindaricarminao01pindgoog_0269.png"; bbox 0 0 3725 5542; ppageno 0'>
   <div class='ocr_carea' id='block_1_1' title="bbox 594 1746 1103 1846">
    <p class='ocr_par' dir='ltr' id='par_1_1' title="bbox 594 1746 1103 1846">
     <span class='ocr_line' id='line_1_1' title="bbox 594 1746 1103 1846; baseline 0.002 -1"><span class='ocrx_word' id='word_1_1' title='bbox 594 1746 1103 1846; x_wconf 75' lang='lat' dir='ltr'><strong>COMMENTARIUS.</strong></span> 
     </span>
    </p>
   </div>
   <div class='ocr_carea' id='block_1_2' title="bbox 777 2072 902 2099">
    <p class='ocr_par' dir='ltr' id='par_1_2' title="bbox 777 2072 902 2099">
     <span class='ocr_line' id='line_1_2' title="bbox 777 2072 902 2099; baseline 0 0"><span class='ocrx_word' id='word_1_2' title='bbox 777 2072 902 2099; x_wconf 53' lang='grc'><strong>*400-</strong></span> 
     </span>
    </p>
   </div>
   <div class='ocr_carea' id='block_1_3' title="bbox 725 2340 973 2408">
    <p class='ocr_par' dir='ltr' id='par_1_3' title="bbox 725 2340 973 2408">
     <span class='ocr_line' id='line_1_3' title="bbox 725 2340 973 2408; baseline 0.016 -4"><span class='ocrx_word' id='word_1_3' title='bbox 725 2340 920 2407; x_wconf 81' lang='lat' dir='ltr'>OLYMPIA</span> <span class='ocrx_word' id='word_1_4' title='bbox 946 2344 973 2408; x_wconf 88' lang='grc' dir='ltr'><strong>Ι.</strong></span> 
     </span>
    </p>
   </div>
   <div class='ocr_carea' id='block_1_4' title="bbox 337 2574 1360 4323">
    <p class='ocr_par' dir='ltr' id='par_1_4' title="bbox 337 2574 1360 4323">
     <span class='ocr_line' id='line_1_4' title="bbox 386 2574 1359 2666; baseline 0.006 -28"><span class='ocrx_word' id='word_1_5' title='bbox 386 2574 533 2640; x_wconf 84' lang='lat' dir='ltr'><strong>Memoria</strong></span> <span class='ocrx_word' id='word_1_6' title='bbox 556 2576 593 2641; x_wconf 89' lang='lat' dir='ltr'><strong>de</strong></span> <span class='ocrx_word' id='word_1_7' title='bbox 618 2578 675 2642; x_wconf 94' lang='lat' dir='ltr'><strong>hoo</strong></span> <span class='ocrx_word' id='word_1_8' title='bbox 696 2580 830 2643; x_wconf 80' lang='lat' dir='ltr'><strong>carmine</strong></span> <span class='ocrx_word' id='word_1_9' title='bbox 853 2589 882 2643; x_wconf 89' lang='lat' dir='ltr'><strong>et</strong></span> <span class='ocrx_word' id='word_1_10' title='bbox 902 2580 940 2644; x_wconf 91' lang='lat' dir='ltr'><strong>de</strong></span> <span class='ocrx_word' id='word_1_11' title='bbox 956 2580 1084 2666; x_wconf 87' lang='lat' dir='ltr'><strong>reliquis</strong></span> <span class='ocrx_word' id='word_1_12' title='bbox 1101 2579 1247 2645; x_wconf 91' lang='lat' dir='ltr'><strong>Hieronis</strong></span> <span class='ocrx_word' id='word_1_13' title='bbox 1263 2581 1359 2644; x_wconf 85' lang='lat' dir='ltr'><strong>victo·</strong></span> 
     </span>
     <span class='ocr_line' id='line_1_5' title="bbox 341 2694 1358 2782; baseline 0.007 -26"><span class='ocrx_word' id='word_1_14' title='bbox 341 2694 394 2757; x_wconf 86' lang='lat' dir='ltr'><strong>riis</strong></span> <span class='ocrx_word' id='word_1_15' title='bbox 423 2694 592 2781; x_wconf 87' lang='lat' dir='ltr'><strong>Olympiois</strong></span> <span class='ocrx_word' id='word_1_16' title='bbox 620 2698 701 2782; x_wconf 87' lang='lat' dir='ltr'><strong>apud</strong></span> <span class='ocrx_word' id='word_1_17' title='bbox 726 2708 858 2763; x_wconf 85' lang='lat' dir='ltr'><strong>veterem</strong></span> <span class='ocrx_word' id='word_1_18' title='bbox 881 2698 1088 2764; x_wconf 84' lang='lat' dir='ltr'><strong>Scholiastam</strong></span> <span class='ocrx_word' id='word_1_19' title='bbox 1112 2708 1160 2764; x_wconf 87' lang='lat' dir='ltr'><strong>est</strong></span> <span class='ocrx_word' id='word_1_20' title='bbox 1183 2699 1274 2765; x_wconf 89' lang='lat' dir='ltr'><strong>haec:</strong></span> <span class='ocrx_word' id='word_1_21' title='bbox 1299 2700 1358 2763; x_wconf 86' lang='grc' dir='ltr'><strong><em>ε’πι-</em></strong></span> 
     </span>
     <span class='ocr_line' id='line_1_6' title="bbox 340 2814 1357 2900; baseline 0.002 -21"><span class='ocrx_word' id='word_1_22' title='bbox 340 2814 513 2891; x_wconf 82' lang='grc' dir='ltr'><strong><em>νένριιππυι</em></strong></span> <span class='ocrx_word' id='word_1_23' title='bbox 537 2817 551 2881; x_wconf 75' lang='lat' dir='ltr'><strong>d</strong></span> <span class='ocrx_word' id='word_1_24' title='bbox 574 2816 705 2889; x_wconf 79' lang='grc' dir='ltr'><strong><em>έπινέκιυς</em></strong></span> <span class='ocrx_word' id='word_1_25' title='bbox 729 2817 828 2897; x_wconf 78' lang='grc' dir='ltr'><strong><em>Ἱέρωνι</em></strong></span> <span class='ocrx_word' id='word_1_26' title='bbox 847 2820 887 2898; x_wconf 82' lang='grc' dir='ltr'><strong>τῷ</strong></span> <span class='ocrx_word' id='word_1_27' title='bbox 907 2814 1032 2890; x_wconf 79' lang='grc' dir='ltr'><strong><em>Γέλωνος</em></strong></span> <span class='ocrx_word' id='word_1_28' title='bbox 1051 2818 1190 2900; x_wconf 77' lang='grc' dir='ltr'><strong><em>ιὶδελφῷ,</em></strong></span> <span class='ocrx_word' id='word_1_29' title='bbox 1210 2819 1357 2892; x_wconf 73' lang='grc' dir='ltr'><strong><em>νικήσαντι</em></strong></span> 
     </span>
     <span class='ocr_line' id='line_1_7' title="bbox 338 2920 1357 3016; baseline 0.004 -19"><span class='ocrx_word' id='word_1_30' title='bbox 338 2929 419 3013; x_wconf 74' lang='grc' dir='ltr'><strong><em>ἵππῳ</em></strong></span> <span class='ocrx_word' id='word_1_31' title='bbox 443 2933 542 3007; x_wconf 85' lang='grc' dir='ltr'><strong><em>κέληπι</em></strong></span> <span class='ocrx_word' id='word_1_32' title='bbox 564 2935 616 3009; x_wconf 76' lang='grc' dir='ltr'><strong>την</strong></span> <span class='ocrx_word' id='word_1_33' title='bbox 639 2920 685 3010; x_wconf 73' lang='grc' dir='ltr'><strong>ον’</strong></span> <span class='ocrx_word' id='word_1_34' title='bbox 708 2934 923 3015; x_wconf 77' lang='grc' dir='ltr'><strong><em>Ὀλυμπιιέδνι,</em></strong></span> <span class='ocrx_word' id='word_1_35' title='bbox 950 2936 967 3011; x_wconf 77' lang='grc' dir='ltr'>ἢ</span> <span class='ocrx_word' id='word_1_36' title='bbox 990 2939 1027 3007; x_wconf 77' lang='grc' dir='ltr'><strong>ὥς</strong></span> <span class='ocrx_word' id='word_1_37' title='bbox 1049 2936 1112 3001; x_wconf 84' lang='grc' dir='ltr'><strong><em>ένιοι</em></strong></span> <span class='ocrx_word' id='word_1_38' title='bbox 1136 2934 1266 3016; x_wconf 75' lang='grc' dir='ltr'><strong><em>ἅρματι.</em></strong></span> <span class='ocrx_word' id='word_1_39' title='bbox 1291 2938 1305 3001; x_wconf 84' lang='lat' dir='ltr'><strong>o‘</strong></span> <span class='ocrx_word' id='word_1_40' title='bbox 1328 2936 1357 3000; x_wconf 79' lang='grc' dir='ltr'><strong>δὲ</strong></span> 
     </span>
     <span class='ocr_line' id='line_1_8' title="bbox 340 3050 1357 3137; baseline 0.005 -23"><span class='ocrx_word' id='word_1_41' title='bbox 340 3051 427 3122; x_wconf 75' lang='grc' dir='ltr'><strong><em>αὐτὸς</em></strong></span> <span class='ocrx_word' id='word_1_42' title='bbox 450 3051 501 3115; x_wconf 74' lang='grc' dir='ltr'><strong>καὶ</strong></span> <span class='ocrx_word' id='word_1_43' title='bbox 523 3052 575 3127; x_wconf 71' lang='grc' dir='ltr'><strong>τὴν</strong></span> <span class='ocrx_word' id='word_1_44' title='bbox 598 3050 638 3132; x_wconf 70' lang='grc' dir='ltr'><strong>ιζ’</strong></span> <span class='ocrx_word' id='word_1_45' title='bbox 662 3060 726 3137; x_wconf 77' lang='grc' dir='ltr'><strong><em>νικᾷ</em></strong></span> <span class='ocrx_word' id='word_1_46' title='bbox 749 3052 867 3129; x_wconf 83' lang='grc' dir='ltr'><strong><em>κέλητι,</em></strong></span> <span class='ocrx_word' id='word_1_47' title='bbox 891 3055 945 3129; x_wconf 74' lang='grc' dir='ltr'><strong>την</strong></span> <span class='ocrx_word' id='word_1_48' title='bbox 967 3055 997 3118; x_wconf 80' lang='grc' dir='ltr'><strong>δέ</strong></span> <span class='ocrx_word' id='word_1_49' title='bbox 1013 3056 1053 3128; x_wconf 80' lang='grc' dir='ltr'><strong>ιη’</strong></span> <span class='ocrx_word' id='word_1_50' title='bbox 1069 3054 1231 3134; x_wconf 72' lang='grc' dir='ltr'><strong><em>τεθρίππῳ.</em></strong></span> <span class='ocrx_word' id='word_1_51' title='bbox 1248 3054 1357 3131; x_wconf 77' lang='grc' dir='ltr'><strong><em>συνέβη</em></strong></span> 
     </span>
     <span class='ocr_line' id='line_1_9' title="bbox 340 3170 1358 3261; baseline 0.002 -28"><span class='ocrx_word' id='word_1_52' title='bbox 340 3170 369 3233; x_wconf 74' lang='grc' dir='ltr'><strong>δὲ</strong></span> <span class='ocrx_word' id='word_1_53' title='bbox 397 3170 485 3235; x_wconf 71' lang='grc' dir='ltr'><strong><em>αὐτὸν</em></strong></span> <span class='ocrx_word' id='word_1_54' title='bbox 508 3172 667 3261; x_wconf 80' lang='grc' dir='ltr'><strong><em>νικησιινπκ</em></strong></span> <span class='ocrx_word' id='word_1_55' title='bbox 689 3172 834 3252; x_wconf 80' lang='grc' dir='ltr'><strong><em>πεέρέππῳ</em></strong></span> <span class='ocrx_word' id='word_1_56' title='bbox 855 3174 909 3245; x_wconf 71' lang='lat' dir='ltr'><strong>rio</strong></span> <span class='ocrx_word' id='word_1_57' title='bbox 927 3174 969 3246; x_wconf 82' lang='grc' dir='ltr'><strong>ιη’</strong></span> <span class='ocrx_word' id='word_1_58' title='bbox 993 3172 1193 3250; x_wconf 69' lang='grc' dir='ltr'><strong><em>Ὀλυμπιάδα</em></strong></span> <span class='ocrx_word' id='word_1_59' title='bbox 1215 3174 1244 3237; x_wconf 84' lang='grc' dir='ltr'><strong>έν</strong></span> <span class='ocrx_word' id='word_1_60' title='bbox 1264 3172 1358 3253; x_wconf 75' lang='grc' dir='ltr'><strong><em>τιιένιη</em></strong></span> 
     </span>
     <span class='ocr_line' id='line_1_10' title="bbox 339 3288 1359 3374; baseline 0.002 -23"><span class='ocrx_word' id='word_1_61' title='bbox 339 3296 526 3362; x_wconf 72' lang='grc' dir='ltr'><strong><em>τελευτῆσαι,</em></strong></span> <span class='ocrx_word' id='word_1_62' title='bbox 575 3288 617 3351; x_wconf 80' lang='lat' dir='ltr'><strong>Bt</strong></span> <span class='ocrx_word' id='word_1_63' title='bbox 640 3290 850 3355; x_wconf 85' lang='lat' dir='ltr'><strong>testimoninm</strong></span> <span class='ocrx_word' id='word_1_64' title='bbox 866 3289 991 3374; x_wconf 87' lang='lat' dir='ltr'><strong>quidem</strong></span> <span class='ocrx_word' id='word_1_65' title='bbox 1008 3290 1246 3368; x_wconf 86' lang='lat' dir='ltr'><strong>nonnullorum,</strong></span> <span class='ocrx_word' id='word_1_66' title='bbox 1265 3289 1359 3353; x_wconf 85' lang='lat' dir='ltr'><strong>victo·</strong></span> 
     </span>
     <span class='ocr_line' id='line_1_11' title="bbox 340 3407 1358 3493; baseline 0 -22"><span class='ocrx_word' id='word_1_67' title='bbox 340 3408 416 3471; x_wconf 89' lang='lat' dir='ltr'><strong>riam</strong></span> <span class='ocrx_word' id='word_1_68' title='bbox 445 3408 574 3492; x_wconf 85' lang='lat' dir='ltr'><strong>primam</strong></span> <span class='ocrx_word' id='word_1_69' title='bbox 602 3407 696 3473; x_wconf 82' lang='lat' dir='ltr'><strong>inisse</strong></span> <span class='ocrx_word' id='word_1_70' title='bbox 719 3409 874 3487; x_wconf 89' lang='lat' dir='ltr'><strong>curulem,</strong></span> <span class='ocrx_word' id='word_1_71' title='bbox 899 3420 981 3473; x_wconf 85' lang='lat' dir='ltr'><strong>recte</strong></span> <span class='ocrx_word' id='word_1_72' title='bbox 1004 3408 1151 3493; x_wconf 80' lang='lat' dir='ltr'><strong>rejicitur.</strong></span> <span class='ocrx_word' id='word_1_73' title='bbox 1200 3407 1358 3473; x_wconf 78' lang='lat' dir='ltr'>Habemus</span> 
     </span>
     <span class='ocr_line' id='line_1_12' title="bbox 341 3526 1359 3613; baseline 0.001 -25"><span class='ocrx_word' id='word_1_74' title='bbox 341 3526 422 3589; x_wconf 89' lang='lat' dir='ltr'><strong>enim</strong></span> <span class='ocrx_word' id='word_1_75' title='bbox 445 3533 556 3590; x_wconf 87' lang='lat' dir='ltr'><strong>testem</strong></span> <span class='ocrx_word' id='word_1_76' title='bbox 579 3526 780 3603; x_wconf 80' lang='lat' dir='ltr'><strong>Pausaniam,</strong></span> <span class='ocrx_word' id='word_1_77' title='bbox 806 3528 919 3593; x_wconf 86' lang='lat' dir='ltr'><strong>diserte</strong></span> <span class='ocrx_word' id='word_1_78' title='bbox 935 3538 997 3592; x_wconf 87' lang='lat' dir='ltr'><strong>tres</strong></span> <span class='ocrx_word' id='word_1_79' title='bbox 1014 3527 1079 3613; x_wconf 88' lang='lat' dir='ltr'><strong>ejus</strong></span> <span class='ocrx_word' id='word_1_80' title='bbox 1097 3527 1237 3592; x_wconf 85' lang='lat' dir='ltr'><strong>victorias</strong></span> <span class='ocrx_word' id='word_1_81' title='bbox 1254 3526 1359 3611; x_wconf 82' lang='lat' dir='ltr'><strong>Olym-</strong></span> 
     </span>
     <span class='ocr_line' id='line_1_13' title="bbox 340 3643 1357 3729; baseline 0.003 -23"><span class='ocrx_word' id='word_1_82' title='bbox 340 3644 423 3727; x_wconf 86' lang='lat' dir='ltr'><strong>picas</strong></span> <span class='ocrx_word' id='word_1_83' title='bbox 446 3651 682 3720; x_wconf 83' lang='lat' dir='ltr'><strong>memorantem,</strong></span> <span class='ocrx_word' id='word_1_84' title='bbox 704 3643 781 3709; x_wconf 87' lang='lat' dir='ltr'><strong>duas</strong></span> <span class='ocrx_word' id='word_1_85' title='bbox 802 3652 976 3729; x_wconf 87' lang='lat' dir='ltr'><strong>equestres,</strong></span> <span class='ocrx_word' id='word_1_86' title='bbox 993 3668 1088 3710; x_wconf 86' lang='lat' dir='ltr'><strong>unam</strong></span> <span class='ocrx_word' id='word_1_87' title='bbox 1103 3644 1251 3710; x_wconf 88' lang='lat' dir='ltr'><strong>curulem.</strong></span> <span class='ocrx_word' id='word_1_88' title='bbox 1276 3644 1357 3709; x_wconf 90' lang='lat' dir='ltr'><strong>Nam</strong></span> 
     </span>
     <span class='ocr_line' id='line_1_14' title="bbox 339 3761 1360 3847; baseline 0.001 -23"><span class='ocrx_word' id='word_1_89' title='bbox 339 3783 435 3845; x_wconf 88' lang='lat' dir='ltr'><strong>quum</strong></span> <span class='ocrx_word' id='word_1_90' title='bbox 459 3762 593 3826; x_wconf 88' lang='lat' dir='ltr'><strong>secundo</strong></span> <span class='ocrx_word' id='word_1_91' title='bbox 617 3761 810 3847; x_wconf 82' lang='lat' dir='ltr'><strong>Olympiadis</strong></span> <span class='ocrx_word' id='word_1_92' title='bbox 827 3762 1000 3827; x_wconf 88' lang='lat' dir='ltr'>LXXVIII</span> <span class='ocrx_word' id='word_1_93' title='bbox 1017 3785 1097 3827; x_wconf 88' lang='lat' dir='ltr'><strong>anno</strong></span> <span class='ocrx_word' id='word_1_94' title='bbox 1113 3766 1136 3846; x_wconf 89' lang='lat'><strong>¹)</strong></span> <span class='ocrx_word' id='word_1_95' title='bbox 1155 3761 1249 3827; x_wconf 87' lang='lat' dir='ltr'><strong>Hiero</strong></span> <span class='ocrx_word' id='word_1_96' title='bbox 1266 3761 1360 3827; x_wconf 85' lang='lat' dir='ltr'><strong>obiis-</strong></span> 
     </span>
     <span class='ocr_line' id='line_1_15' title="bbox 339 3879 1357 3966; baseline 0.002 -23"><span class='ocrx_word' id='word_1_97' title='bbox 339 3888 401 3957; x_wconf 86' lang='lat' dir='ltr'><strong>set,</strong></span> <span class='ocrx_word' id='word_1_98' title='bbox 434 3879 515 3945; x_wconf 88' lang='lat' dir='ltr'><strong>filius</strong></span> <span class='ocrx_word' id='word_1_99' title='bbox 548 3882 613 3966; x_wconf 89' lang='lat' dir='ltr'><strong>ejus</strong></span> <span class='ocrx_word' id='word_1_100' title='bbox 645 3880 831 3947; x_wconf 85' lang='lat' dir='ltr'><strong>Dinomenes</strong></span> <span class='ocrx_word' id='word_1_101' title='bbox 863 3881 962 3959; x_wconf 87' lang='lat' dir='ltr'><strong>dona,</strong></span> <span class='ocrx_word' id='word_1_102' title='bbox 992 3904 1071 3966; x_wconf 86' lang='lat' dir='ltr'><strong>qnae</strong></span> <span class='ocrx_word' id='word_1_103' title='bbox 1104 3888 1191 3966; x_wconf 86' lang='lat' dir='ltr'><strong>pater</strong></span> <span class='ocrx_word' id='word_1_104' title='bbox 1216 3888 1357 3959; x_wconf 86' lang='lat' dir='ltr'><strong>voverat,</strong></span> 
     </span>
     <span class='ocr_line' id='line_1_16' title="bbox 337 3997 1359 4085; baseline 0.002 -25"><span class='ocrx_word' id='word_1_105' title='bbox 337 3997 408 4062; x_wconf 83' lang='lat' dir='ltr'><strong>Iovi</strong></span> <span class='ocrx_word' id='word_1_106' title='bbox 433 4000 543 4064; x_wconf 85' lang='lat' dir='ltr'><strong>statuit</strong></span> <span class='ocrx_word' id='word_1_107' title='bbox 566 3998 744 4085; x_wconf 83' lang='lat' dir='ltr'><strong>Olympiae:</strong></span> <span class='ocrx_word' id='word_1_108' title='bbox 769 4022 848 4084; x_wconf 90' lang='lat' dir='ltr'><strong>quae</strong></span> <span class='ocrx_word' id='word_1_109' title='bbox 863 4000 1008 4076; x_wconf 88' lang='lat' dir='ltr'><strong>fuerunt,</strong></span> <span class='ocrx_word' id='word_1_110' title='bbox 1026 4007 1062 4063; x_wconf 89' lang='lat' dir='ltr'><strong>ut</strong></span> <span class='ocrx_word' id='word_1_111' title='bbox 1079 3999 1175 4064; x_wconf 79' lang='lat' dir='ltr'><strong>tradit</strong></span> <span class='ocrx_word' id='word_1_112' title='bbox 1189 3998 1359 4064; x_wconf 78' lang='lat' dir='ltr'><strong>Pausanias</strong></span> 
     </span>
     <span class='ocr_line' id='line_1_17' title="bbox 338 4116 1358 4201; baseline 0.003 -22"><span class='ocrx_word' id='word_1_113' title='bbox 338 4116 375 4181; x_wconf 86' lang='lat' dir='ltr'><strong>L.</strong></span> <span class='ocrx_word' id='word_1_114' title='bbox 399 4116 446 4181; x_wconf 81' lang='lat' dir='ltr'><strong>VI</strong></span> <span class='ocrx_word' id='word_1_115' title='bbox 477 4141 503 4182; x_wconf 89' lang='lat' dir='ltr'><strong>c.</strong></span> <span class='ocrx_word' id='word_1_116' title='bbox 527 4116 619 4197; x_wconf 90' lang='lat' dir='ltr'>XII,</span> <span class='ocrx_word' id='word_1_117' title='bbox 653 4139 761 4182; x_wconf 88' lang='lat' dir='ltr'><strong>currus</strong></span> <span class='ocrx_word' id='word_1_118' title='bbox 792 4119 886 4201; x_wconf 80' lang='lat' dir='ltr'><strong>inque</strong></span> <span class='ocrx_word' id='word_1_119' title='bbox 917 4140 954 4181; x_wconf 86' lang='lat' dir='ltr'><strong>eo</strong></span> <span class='ocrx_word' id='word_1_120' title='bbox 978 4118 1023 4182; x_wconf 85' lang='lat' dir='ltr'><strong>vir</strong></span> <span class='ocrx_word' id='word_1_121' title='bbox 1046 4118 1240 4195; x_wconf 86' lang='lat' dir='ltr'><strong>consistens,</strong></span> <span class='ocrx_word' id='word_1_122' title='bbox 1266 4124 1297 4181; x_wconf 88' lang='lat' dir='ltr'><strong>et</strong></span> <span class='ocrx_word' id='word_1_123' title='bbox 1320 4117 1358 4182; x_wconf 88' lang='lat' dir='ltr'><strong>ab</strong></span> 
     </span>
     <span class='ocr_line' id='line_1_18' title="bbox 342 4236 1360 4323; baseline 0.002 -24"><span class='ocrx_word' id='word_1_124' title='bbox 342 4244 473 4323; x_wconf 86' lang='lat' dir='ltr'><strong>utroque</strong></span> <span class='ocrx_word' id='word_1_125' title='bbox 503 4236 597 4302; x_wconf 89' lang='lat' dir='ltr'><strong>latere</strong></span> <span class='ocrx_word' id='word_1_126' title='bbox 629 4260 726 4321; x_wconf 87' lang='lat' dir='ltr'><strong>equus</strong></span> <span class='ocrx_word' id='word_1_127' title='bbox 758 4238 883 4317; x_wconf 88' lang='lat' dir='ltr'><strong>unicus,</strong></span> <span class='ocrx_word' id='word_1_128' title='bbox 915 4239 1105 4323; x_wconf 89' lang='lat' dir='ltr'><strong>inquorum</strong></span> <span class='ocrx_word' id='word_1_129' title='bbox 1129 4246 1260 4322; x_wconf 89' lang='lat' dir='ltr'><strong>utroque</strong></span> <span class='ocrx_word' id='word_1_130' title='bbox 1283 4260 1360 4323; x_wconf 89' lang='lat' dir='ltr'><strong>puer</strong></span> 
     </span>
    </p>
   </div>
   <div class='ocr_carea' id='block_1_5' title="bbox 376 4496 665 4558">
    <p class='ocr_par' dir='ltr' id='par_1_5' title="bbox 376 4496 665 4558">
     <span class='ocr_line' id='line_1_19' title="bbox 376 4496 665 4558; baseline -0.007 -13"><span class='ocrx_word' id='word_1_131' title='bbox 376 4500 400 4558; x_wconf 90' lang='lat' dir='ltr'><strong>I)</strong></span> <span class='ocrx_word' id='word_1_132' title='bbox 419 4497 488 4546; x_wconf 84' lang='lat' dir='ltr'><strong>Diod.</strong></span> <span class='ocrx_word' id='word_1_133' title='bbox 508 4496 553 4545; x_wconf 89' lang='lat' dir='ltr'><strong>Sic.</strong></span> <span class='ocrx_word' id='word_1_134' title='bbox 574 4497 605 4546; x_wconf 88' lang='lat' dir='ltr'><strong>XI</strong></span> <span class='ocrx_word' id='word_1_135' title='bbox 625 4498 665 4545; x_wconf 76' lang='lat' dir='ltr'><strong>dd.</strong></span> 
     </span>
    </p>
   </div>
   <div class='ocr_carea' id='block_1_6' title="bbox 0 0 1870 5542">
    <p class='ocr_par' dir='ltr' id='par_1_6' title="bbox 0 0 1870 5542">
     <span class='ocr_line' id='line_1_20' title="bbox 0 0 1870 5542; baseline 0 0"><span class='ocrx_word' id='word_1_136' title='bbox 0 0 1870 5542; x_wconf 95' lang='lat' dir='ltr'><strong> </strong></span> 
     </span>
    </p>
   </div>
  </div>
 </body>
</html>
