3725 5542
835 751 875 811 3?

346 954 421 1017 dore
453 954 651 1035 Deorumque
681 952 850 1015 reverentia
877 950 991 1014 duetus
1019 950 1189 1028 Pindarus,
1213 974 1252 1014 ne
1276 950 1360 1013 male·

345 1072 463 1137 dioeret
493 1069 579 1133 Diis:
595 1070 619 1153 Ι)
650 1092 684 1133 ao
718 1078 817 1131 tamen
845 1068 978 1132 Deorum
1003 1068 1151 1133 invidiam
1174 1069 1364 1133 memoravit.

346 1188 430 1253 Nam
460 1188 568 1252 subest
598 1187 723 1251 omniuo
751 1186 874 1271 quidam
905 1186 1038 1251 invidiae
1060 1186 1182 1251 divinae
1203 1197 1304 1251 metue
1327 1186 1365 1249 iis

344 1308 506 1393 precibus,
530 1328 607 1390 quas
630 1304 722 1369 modo
746 1306 917 1369 attulimus.
959 1305 1038 1369 Tum
1062 1327 1133 1370 vero
1155 1306 1188 1369 in
1211 1305 1364 1382 carmine,

345 1448 409 1511 quo
438 1424 623 1509 Hippoolem
651 1423 830 1488 Thessalum
856 1424 994 1497 ornavit,
1018 1446 1148 1507 puerum
1172 1424 1367 1507 praestantis·

344 1542 477 1619 simum,
509 1548 596 1627 patre
625 1550 687 1605 tam
720 1542 871 1625 glorioso,
904 1548 941 1605 ut
972 1539 1133 1625 Olympiae
1163 1563 1198 1605 ao
1226 1540 1366 1625 Pythone

344 1661 489 1724 victorias
525 1668 725 1743 reportasset,
762 1658 853 1723 refert
888 1658 1015 1741 quidem
1051 1657 1108 1721 filii
1143 1658 1301 1721 victoriam
1337 1665 1368 1721 et

343 1778 524 1843 felicitatem
549 1776 587 1840 ad
611 1776 804 1861 Apollinem,
826 1776 880 1859 qui
903 1775 983 1840 illud
1004 1777 1031 1840 ei
1055 1776 1172 1841 bonum
1191 1776 1364 1839 tribuisset:

344 1906 575 1971 verumtamen,
609 1916 704 1978 quum
737 1902 854 1959 tantam
885 1895 1010 1959 haberet
1041 1894 1220 1958 felicitatem
1243 1894 1288 1970 is,
1313 1894 1366 1976 qui
1476 1864 1483 1933 '1

342 2015 411 2099 ipse
434 2014 532 2076 vietor
554 2012 654 2076 filium
678 2013 824 2076 victorem
849 2012 982 2090 videret,
1007 2020 1044 2076 ut
1067 2014 1163 2095 major
1183 2033 1244 2075 non
1265 2020 1368 2095 posset

343 2131 522 2214 contingere
557 2128 695 2204 homini,
729 2152 783 2192 nee
815 2150 907 2213 snpra
938 2128 1103 2192 humanam
1136 2128 1174 2191 ad
1205 2127 1366 2191 coelestem

340 2250 500 2313 fortunam
524 2246 679 2331 adspirare
704 2245 824 2323 liceret,
850 2246 955 2309 eodem
979 2245 1071 2309 modo
1094 2254 1251 2329 precetur,
1277 2266 1315 2307 ne
1335 2245 1366 2307 iu

341 2364 466 2431 invidas
497 2386 515 2427 a
548 2364 613 2427 Diis
645 2364 859 2428 conversiones
887 2365 1056 2427 incurrant.
1069 2364 1096 2445 2)
1141 2365 1245 2446 Atque
1268 2385 1366 2427 uuam

342 2492 503 2568 praeterea
533 2482 637 2545 looum
669 2481 889 2565 adjungamus,
925 2502 988 2564 quo
1018 2480 1130 2545 melius
1157 2479 1365 2563 intelligatur,

341 2622 438 2684 quam
474 2601 514 2663 sit
548 2600 614 2683 ipsa
649 2598 839 2675 mortalitas,
876 2621 939 2681 qna
970 2620 1043 2661 sane
1077 2597 1156 2662 nihil
1191 2597 1367 2661 homiuibus

343 2719 443 2802 magis
460 2716 617 2802 proprium
634 2727 695 2801 ast,
717 2718 882 2801 conjuncta
897 2738 969 2780 enm
984 2717 1121 2780 omnium
1137 2737 1238 2779 rerum
1256 2717 1369 2779 omnis·

341 2858 406 2919 que
422 2836 563 2899 fortunae
580 2835 753 2920 fragilitate.
791 2834 937 2898 Laudans
951 2832 1174 2919 Strepsiadem,
1191 2833 1364 2917 sequidem

342 2961 510 3018 canturam
546 2974 611 3015 esse
645 2952 720 3016 dicit
748 2974 824 3015 nexa
852 2952 972 3015 coronis
999 2972 1103 3032 coma:
1132 2950 1203 3029 sed,
1232 2950 1367 3015 scribens

343 3070 385 3135 ad
408 3071 641 3134 dilectissimum
666 3071 783 3147 virum,
810 3078 880 3133 vota
903 3092 959 3153 pro
983 3090 1019 3132 eo
1042 3069 1197 3147 facienda,
1219 3069 1307 3153 quasi
1328 3070 1368 3134 ad

343 3211 380 3254 se
410 3189 601 3274 pertineant,
633 3188 673 3253 ad
704 3210 736 3251 se
768 3190 832 3273 ipse
859 3187 968 3251 refert:
997 3210 1059 3263 „ne
1086 3188 1207 3272 frangat
1228 3188 1367 3269 Deorum

343 3304 463 3369 invidia
493 3304 706 3381 dnlcedinem,
740 3326 832 3388 quam
857 3324 981 3387 quoque
1005 3304 1055 3367 die
1078 3326 1261 3388 persequar,
1286 3313 1367 3368 tran·

343 3424 464 3509 quillus
499 3422 687 3488 contendens
714 3421 752 3485 ad
780 3430 970 3486 senectutem
997 3431 1029 3486 et
1055 3422 1093 3486 ad
1120 3422 1212 3486 fatale
1239 3444 1364 3486 aevum:

345 3542 497 3606 morimur
528 3542 608 3606 enim
641 3542 745 3605 euneti
769 3541 900 3625 pariter,
925 3540 978 3604 sed
1001 3541 1126 3605 fortuna
1148 3562 1212 3603 non
1235 3551 1283 3605 eat
1304 3562 1367 3604 om·

343 3659 439 3723 nibus
474 3658 598 3723 eadem:
634 3659 658 3722 si
696 3658 766 3742 quis
792 3657 964 3742 longinqua
991 3665 1126 3742 spectat,
1155 3668 1192 3721 ut
1218 3658 1367 3722 contiuno

345 3777 450 3841 veniat
474 3776 512 3840 ad
536 3776 672 3841 Deorum
697 3797 822 3841 aeneam
846 3776 968 3854 sedem,
981 3776 1007 3859 ³)
1031 3777 1124 3853 sciat,
1144 3775 1297 3859 Pegasum
1316 3775 1367 3840 ab·

340 3896 454 3981 jecisse
485 3893 771 3979 Bellerophontem,
801 3892 839 3957 ad
862 3894 949 3957 sedes
972 3894 1110 3957 Deorum
1132 3894 1165 3957 in
1187 3892 1274 3956 Jovis
1297 3916 1367 3959 con·

345 4013 454 4077 cilium
487 4012 660 4097 cupientem
694 4012 811 4075 venire:
844 4010 1039 4075 dulcedinem
1069 4032 1154 4087 eam,
1186 4033 1278 4093 quam
1310 4034 1367 4075 nos

384 4344 409 4403 1)
427 4341 481 4391 vid.
498 4344 510 4403 t
528 4341 549 4388 1.
649 4339 673 4399 2)
692 4340 733 4405 Py.
751 4340 781 4387 Χ.
799 4340 839 4387 31.
856 4338 927 4388 conf.
948 4338 984 4387 01.
1007 4339 1040 4387 VI
1055 4337 1081 4386 in
1090 4340 1151 4404 fiae.

384 4438 412 4499 8)
430 4437 470 4485 Sia
486 4436 584 4501 quidem
601 4448 684 4483 rorans
701 4434 821 4482 Pindarus
837 4432 958 4496 signinam
975 4433 1063 4481 nimiae
1080 4432 1190 4480 fortunae
1207 4444 1287 4493 rpem,
1305 4444 1366 4494 quae

344 4532 463 4583 dederent
479 4524 610 4581 hominem.
