3725 5542
1005 728 1043 786 12

513 938 616 995 autem
639 942 707 994 tum
731 934 818 1012 parto
841 925 965 1007 Pelopis
987 924 1086 1007 gloria
1107 923 1288 1008 splendebat
1306 924 1408 988 adhuc
1423 925 1528 1009 Olym·

512 1047 581 1130 piae
603 1047 636 1110 in
659 1046 842 1110 certamine:
860 1045 882 1126 Ι)
905 1043 960 1106 sod
983 1041 1063 1106 hauc
1085 1043 1183 1126 ipsam
1207 1052 1243 1105 ut
1263 1042 1450 1120 illustraret,
1468 1044 1526 1107 Dei

512 1186 647 1228 amorem
670 1172 701 1227 et
724 1162 875 1227 auxilium
898 1168 991 1245 potita
1005 1159 1189 1244 pulcerrimo
1204 1162 1338 1224 carmine
1352 1160 1528 1225 celebrarit.

557 1280 692 1345 Omnino
723 1288 844 1345 vetusta
875 1279 1003 1343 heroum
1033 1278 1132 1362 gloria
1154 1277 1194 1341 ad
1216 1276 1298 1342 Deos
1323 1277 1527 1355 referebatur,

510 1406 541 1462 et
564 1397 728 1475 ludorum,
752 1397 892 1482 gentium
902 1444 911 1473 ,
935 1393 1062 1459 urbium
1083 1396 1217 1479 origines
1232 1403 1427 1458 consecratae
1442 1404 1526 1459 sunt.

511 1515 613 1596 Quam
645 1514 904 1579 consecrationem
933 1513 988 1596 qui
1010 1512 1119 1587 tollat,
1141 1512 1168 1574 is
1190 1534 1254 1575 uon
1277 1512 1436 1575 historiam
1458 1511 1528 1576 dico

509 1640 681 1717 temporum
713 1632 761 1696 vel
792 1630 956 1695 vetustatis
986 1630 1183 1705 memoriam,
1214 1628 1269 1693 sed
1299 1631 1396 1714 ipsam
1420 1631 1528 1715 poesin

509 1749 600 1811 tollat
628 1749 667 1812 de
698 1747 844 1824 Graecia,
869 1746 900 1810 id
925 1756 1030 1811 autem
1054 1757 1134 1810 esset
1156 1748 1254 1831 ipsam
1277 1748 1405 1811 interitu
1428 1749 1529 1812 delere

509 1864 687 1943 Graeciam,
718 1866 815 1949 magis
846 1887 940 1949 quam
970 1864 1018 1928 vel
1049 1864 1163 1927 Darius
1195 1864 1244 1927 vel
1267 1864 1402 1942 Xerxes,
1426 1866 1452 1928 si
1476 1889 1528 1950 po-

510 1984 657 2060 tuissent,
682 1983 780 2046 faoere
803 1982 973 2045 voluerant.
1008 1979 1081 2044 Non
1105 2004 1177 2065 ergo
1201 1981 1339 2045 Deorum
1362 2005 1479 2046 amores
1495 1991 1526 2046 et

512 2099 667 2163 connubia
689 2100 777 2163 siluit
796 2099 967 2177 Pindarus,
984 2121 1064 2183 quae
1079 2108 1181 2163 essent
1195 2122 1266 2163 cum
1281 2101 1418 2184 antiquis
1434 2102 1527 2163 Grae·

509 2218 574 2280 eise
596 2215 742 2281 laudibus
766 2218 1032 2302 conjunctissima:
1050 2218 1105 2281 sed
1119 2226 1236 2301 quanta
1251 2217 1415 2301 dignitate,
1433 2240 1525 2301 quam

509 2342 637 2398 venuste
667 2357 702 2397 ac
733 2335 840 2399 decore
871 2358 907 2398 ea
938 2334 1101 2412 cecinerit,
1133 2335 1359 2399 ostendendum
1382 2358 1455 2398 sane
1478 2343 1526 2397 est

510 2451 548 2515 de
579 2454 645 2536 ejus
668 2452 819 2537 sapientia
841 2452 1052 2537 perscribeuti.
1097 2450 1179 2517 Nam
1203 2453 1229 2516 si
1252 2452 1433 2515 maledicere
1456 2452 1524 2515 Diis

508 2570 612 2634 odiosa
646 2571 798 2655 sapientia
831 2580 894 2649 est,
908 2572 933 2653 ²)
966 2593 1074 2635 ornare
1104 2571 1186 2634 Deos
1217 2570 1353 2654 prolecto
1384 2570 1524 2633 amabilis

422 2718 424 2723 ’
507 2688 657 2771 sapientia
679 2696 735 2751 est.
781 2688 884 2772 Igitur
907 2712 963 2774 pro
986 2689 1124 2774 exemplo
1147 2689 1188 2752 sit
1212 2710 1297 2751 amor
1320 2687 1473 2771 Apollinis
1490 2687 1523 2750 iu

508 2804 664 2891 Cyrenen,
697 2806 949 2891 quandoquidem
980 2808 1123 2893 copiosus
1154 2809 1187 2870 iu
1218 2828 1254 2870 eo
1278 2805 1429 2870 narrando
1452 2805 1523 2867 Pin-

507 2923 601 2987 darus
624 2924 693 2988 fuit.

550 3038 665 3124 Rapuit
692 3064 757 3105 eam
784 3042 951 3125 aliquando
974 3066 991 3106 e
1013 3042 1093 3106 Pelii
1114 3041 1305 3107 convallibus
1326 3041 1465 3104 Latonae
1488 3041 1521 3103 fi·

504 3156 566 3220 lius
594 3164 625 3220 et
655 3156 784 3222 abduxit
810 3182 902 3223 aureo
925 3182 1019 3223 curru
1041 3160 1074 3223 in
1098 3183 1169 3224 eum
1190 3160 1313 3235 locum,
1337 3159 1391 3223 ubi
1414 3158 1519 3221 divitis

504 3273 645 3360 frugibus
672 3283 703 3339 et
730 3298 837 3360 pecore
861 3288 958 3341 terrae
981 3300 1047 3341 eam
1071 3278 1225 3343 dominam
1248 3278 1337 3353 lecit,
1362 3288 1398 3340 ut
1421 3300 1521 3342 amoc-

503 3414 576 3455 uam
598 3390 731 3457 radicem
754 3394 940 3458 continentis
963 3396 1086 3458 tertiam
1109 3396 1244 3458 Africam
1267 3394 1425 3458 incoleret.
1460 3394 1521 3458 Ex-

505 3510 586 3593 cepit
615 3508 722 3573 Venns
751 3510 876 3575 Delium
908 3512 1079 3596 hospitem,
1111 3511 1231 3576 divinos
1258 3535 1367 3576 currus
1389 3520 1519 3596 tangens

505 3646 599 3688 manu
622 3625 698 3689 levi:
721 3627 821 3710 iisque
843 3629 876 3692 in
899 3627 991 3692 dulce
1013 3638 1116 3692 torum
1138 3630 1244 3713 injecit
1265 3628 1415 3712 pudorem
1438 3652 1519 3693 ama-

503 3740 614 3820 bilem,
639 3765 800 3809 commuue
823 3746 990 3810 concilians
1013 3747 1079 3811 Deo
1100 3748 1271 3831 virginique
1290 3748 1479 3831 conjugium.
1492 3747 1520 3830 ⁸)

504 3856 555 3923 Sic
584 3860 708 3944 quidem
739 3864 912 3928 universam
943 3887 1008 3929 rem
1038 3865 1219 3951 pulcerrime
1242 3873 1333 3951 potita
1355 3867 1517 3951 significat.

505 3974 565 4038 Sed
588 3999 658 4041 mox
681 3980 714 4043 in
737 3980 843 4044 eodem
867 3982 1018 4060 carmine,
1038 4005 1075 4045 ex
1094 4005 1157 4066 quo
1177 3982 1251 4047 haec
1271 3982 1433 4059 duximus,
1454 4004 1517 4045 rem

505 4092 544 4157 ab
577 4093 666 4157 initio
699 4098 820 4182 repetit
873 4098 948 4163 Erat
982 4098 1100 4184 Cyrene
1133 4098 1283 4185 Hypsidis
1314 4100 1517 4185 Lapitharum

509 4262 692 4276 *-

540 4368 566 4428 1)
584 4368 646 4416 raa.
665 4369 721 4418 isi.
789 4372 815 4431 a)
834 4372 871 4420 oe.
889 4371 936 4420 rr.
952 4372 993 4421 cr.
1009 4372 1081 4421 conr.
1097 4373 1172 4437 cuj-0
1186 4373 1361 4423 meream
1376 4390 1432 4437 m.
1448 4374 1474 4423 a.

538 4464 792 4531 ommam
