3725 5542
846 733 910 792 385

482 932 579 1009 ἀγνὼς
602 931 632 996 δὲ
654 925 752 1010 cml

480 1049 609 1125 γαστρὸς
632 1046 757 1123 διήνεγκ’
781 1046 883 1123 tym-
906 1049 944 1118 ὥς
967 1047 991 1109 δ’
1015 1043 1098 1120 ἦλθεν
1120 1045 1239 1127 χρόνος,

479 1169 593 1230 τεκνῦν’
617 1168 646 1230 ἐν
669 1166 751 1238 οἴκοις
774 1165 857 1230 παῖδ’
880 1166 1048 1242 ἀπήνεγκεν
1069 1165 1189 1248 βρέφος.

417 1284 469 1346 54.
506 1283 665 1362 πορσαίνειν
688 1283 782 1359 δόμεν.
817 1281 872 1367 Py.
896 1281 949 1346 III
974 1285 1015 1348 80
1046 1281 1114 1364 πόρε
1136 1283 1288 1364 Κενταύρῳ
1310 1283 1385 1348 asad-

368 1395 428 1472 ξαν.
453 1397 508 1481 Py.
531 1396 579 1461 IV
602 1399 666 1464 205
689 1399 802 1482 τράφεν
824 1399 938 1480 Χείρωνι
961 1400 1063 1464 δῶκαν.

416 1516 468 1578 55.
503 1515 694 1581 Phaeaanam
724 1517 832 1582 dicunt
863 1524 980 1582 veteres
1008 1517 1191 1582 scholiastae
1214 1517 1383 1585 secundum

368 1652 562 1697 communem
585 1634 723 1698 omnium
747 1634 930 1700 sententiam
954 1635 1048 1700 fuisso
1063 1635 1097 1699 in
1115 1634 1259 1713 Arcadia
1276 1656 1383 1700 secun·

369 1749 443 1815 dum
467 1749 634 1836 Didymum
656 1773 727 1816 vero
750 1752 783 1816 in
805 1752 912 1830 Elide,
941 1760 973 1816 at
997 1752 1110 1838 Aepyti
1131 1760 1267 1838 tempore
1290 1754 1383 1818 Arca·

369 1867 423 1932 dea
457 1869 621 1953 imperasse
654 1868 749 1937 lllidi.
796 1869 984 1934 Profluaisse
1014 1877 1117 1934 autem
1150 1870 1304 1954 Alpheum
1329 1892 1383 1956 per

369 1989 481 2051 Aseam
503 1987 670 2066 Arcadiae,
694 1988 767 2053 iude
788 1988 822 2052 iu
845 1986 977 2052 Elidem.
1013 1986 1156 2053 Eundem
1180 1987 1293 2073 Alphei
1316 2009 1383 2052 our·

369 2125 437 2169 aum
468 2103 578 2169 Strabo
608 2104 814 2182 demonstrat,
846 2114 877 2169 et
907 2105 973 2190 ejus
1004 2106 1137 2190 origines
1169 2105 1263 2171 luisse
1288 2127 1383 2191 prope

369 2220 503 2306 origines
532 2220 678 2286 Eurotae.
712 2221 749 2286 L.
773 2221 857 2286 VIII
880 2224 956 2286 348.
991 2221 1085 2286 Recte
1107 2221 1184 2286 mihi
1206 2219 1328 2286 videtur
1350 2220 1383 2285 in

370 2359 433 2402 uno
463 2345 565 2403 vetere
595 2338 713 2403 scholio
742 2337 903 2403 Phaessna
933 2339 1008 2424 poni
1037 2339 1071 2403 iu
1093 2338 1131 2403 iis
1153 2339 1246 2416 locis,
1270 2338 1383 2421 quihus

370 2454 512 2540 Alpheus
543 2455 708 2520 oriebatur.
755 2454 828 2520 Nou
859 2462 983 2520 tautum
1013 2455 1072 2520 hoc
1102 2455 1188 2533 loco,
1216 2454 1382 2520 sedetiam

369 2593 404 2635 vs
445 2575 524 2650 lea,
567 2573 695 2657 antiqua
728 2593 803 2657 gena
837 2571 979 2636 Euadnes
1013 2571 1188 2643 vindicatur
1221 2571 1382 2636 Arcadiae.

368 2687 502 2769 Verum,
526 2711 588 2774 quo
611 2689 721 2755 melius
745 2697 776 2754 et
803 2688 855 2752 hic
878 2688 965 2752 locus
988 2688 1383 2774 intelligatur,etvs129,

369 2806 425 2871 ubi
454 2815 592 2872 materna
621 2829 696 2892 gens
718 2808 858 2893 proavita
880 2807 1011 2891 Agesiae
1034 2806 1092 2872 sub
1116 2813 1220 2871 moute
1243 2805 1384 2892 Cyllenio

370 2922 526 2988 habitasse
547 2923 676 3000 dicitur,
700 2932 731 2988 et
754 2945 788 2986 vs
807 2925 888 3000 144,
911 2945 974 3008 quo
995 2921 1118 2988 eaedem
1134 2923 1268 3008 origines
1283 2925 1385 3008 gentis

370 3062 442 3105 cum
471 3040 584 3126 palude
614 3040 825 3126 Stymphalide
855 3044 1105 3127 conjunguntur:
1130 3040 1264 3106 breviter
1286 3063 1385 3106 meam

370 3156 410 3221 de
431 3158 480 3222 his
502 3156 593 3222 rebus
616 3159 801 3223 sententiam
824 3179 1011 3243 proponam,
1041 3156 1167 3222 ductam
1190 3159 1384 3243 potissimum

372 3297 409 3340 ex
431 3273 595 3340 Pausania

415 3388 499 3456 Nam
520 3390 606 3456 Jovia
630 3399 661 3456 et
683 3391 831 3456 Callistus
854 3392 1038 3478 perantiquo
1063 3401 1200 3478 tempore
1223 3392 1304 3457 filius
1327 3392 1388 3457 init

373 3512 486 3588 Arcas,
518 3517 613 3596 atque
642 3511 669 3574 is
699 3511 818 3595 regioni
849 3509 1001 3574 Arcadiae
1026 3531 1138 3575 nomen
1162 3509 1257 3575 dedit.
1304 3510 1389 3575 Huic

374 3649 411 3691 ex
432 3625 579 3713 Nympha
601 3626 695 3691 Erato
718 3627 774 3690 filii
796 3627 924 3692 fuerunt
948 3630 1051 3704 Anao,
1066 3626 1206 3713 Aphidas
1218 3634 1249 3692 et
1260 3627 1386 3692 Elatus:

374 3746 487 3828 quibua
518 3743 571 3808 ille
602 3743 717 3809 adultis
745 3765 877 3828 regnum
907 3744 1014 3808 divisit
1043 3745 1242 3829 tripartitum.
1290 3743 1331 3807 Et
1354 3767 1390 3809 ea

374 3861 498 3944 quidem
528 3883 615 3948 pars,
647 3882 726 3944 quae
755 3859 847 3925 Illato
877 3860 1007 3945 obtigit,
1038 3861 1098 3925 fuit
1125 3883 1213 3926 mons
1242 3861 1385 3948 Cyllene,

373 3983 448 4041 tunc
478 3977 580 4044 adhuc
609 3979 734 4044 nomine
764 3999 886 4043 carena:
910 3978 978 4064 ipse
1000 3999 1071 4043 vero
1094 3977 1205 4043 Elatus
1227 3986 1334 4064 postea
1356 3981 1388 4045 in

373 4094 539 4160 Phocidem
562 4097 704 4181 migravit
726 4104 758 4161 et
780 4096 888 4161 urbem
911 4094 1048 4160 Elateam
1074 4095 1222 4161 condidit.
1250 4095 1388 4161 Fuerunt

374 4220 476 4277 autem
487 4212 536 4276 illi
547 4213 684 4298 quinque
694 4212 766 4289 filii,
780 4214 936 4297 Aepytus,
949 4212 1076 4292 Perens,
1092 4211 1200 4298 Gylleu
1206 4261 1216 4291 ,
1230 4213 1337 4298 Ischys
1347 4215 1387 4299 ¹),

408 4473 432 4534 l)
450 4472 498 4522 His
514 4471 612 4537 quidem
629 4474 775 4522 memoratur
791 4469 837 4534 Py.
854 4469 895 4518 ΙΙΙ
915 4471 956 4518 55.

1228 4571 1264 4623 25
