3725 5542
837 718 901 781 888

365 912 544 993 όντιτόθιρμι,
576 936 632 979 neo
661 917 803 981 convenit
835 940 904 983 eum
935 920 1048 999 ἔλαθον
1073 922 1241 1001 eernere,
1266 923 1371 1011 Eurip.

365 1030 467 1126 Iphig.
492 1033 526 1096 Τ.
553 1036 632 1099 783:
657 1036 710 1100 sed
734 1046 780 1101 est
802 1059 857 1123 pro
880 1041 1059 1106 σένατιθεῒσα.
1106 1041 1173 1107 Nee
1196 1066 1266 1109 eum
1288 1045 1372 1110 illins

366 1153 449 1237 poesi
475 1155 656 1218 conveniens
679 1155 756 1233 fuit,
781 1156 913 1241 aliquem
939 1159 1072 1244 cogitare
1094 1161 1229 1227 Deorum
1246 1165 1374 1230 erudeli·

364 1281 458 1335 tutem
483 1274 529 1337 vel
552 1274 692 1339 victimae
715 1274 866 1341 humanae
889 1277 1083 1344 desiderium.
1115 1280 1195 1346 Vide
1217 1306 1295 1368 quse
1314 1284 1373 1349 dis-

366 1394 540 1475 putavimus
563 1393 595 1457 in
619 1392 829 1459 dissertatione
852 1395 890 1460 de
914 1396 1039 1462 Pindari
1061 1398 1231 1485 Sapientia,
1256 1402 1330 1489 Cep.
1355 1404 1372 1467 Ι

365 1512 382 1595 d
407 1514 434 1575 1.
482 1510 747 1577 Consecrationem
778 1514 847 1579 ideo
876 1515 988 1580 loetum
1010 1540 1092 1596 esse,
1116 1527 1154 1583 ut
1176 1542 1294 1585 cervum
1316 1544 1372 1607 pro

366 1652 397 1695 se
428 1631 514 1715 virgo
537 1631 618 1696 Dese
649 1632 794 1711 donaret,
830 1634 959 1698 fortusse
988 1644 1112 1722 propter
1139 1639 1371 1724 explicationem

316 1806 318 1811 .
365 1750 429 1815 olori
452 1752 648 1817 statuendum
672 1774 736 1817 esse
760 1753 970 1833 erediderunt,
991 1778 1083 1841 quum
1098 1758 1129 1821 in
1146 1758 1292 1825 οὶντιθεῖσα
1307 1782 1372 1824 esse

365 1872 564 1958 putavissent.
611 1871 726 1937 Verum
750 1874 776 1938 si
800 1882 953 1959 praetereo
974 1874 1059 1939 illum
1082 1876 1220 1942 fabulum
1239 1879 1292 1943 olii
1314 1879 1372 1943 for-

365 1998 444 2056 tasse
467 1991 579 2057 Poetae
602 1992 646 2056 ite
667 1992 876 2071 tradiderunt,
901 2018 919 2057 s
942 1994 1067 2059 Pindari
1085 2004 1205 2074 mente,
1222 2006 1257 2062 ut
1271 2020 1372 2062 mone·

365 2110 453 2189 bom,
485 2119 565 2177 certe
587 2113 685 2177 sliene
708 2113 776 2178 fuit.
823 2111 1033 2179 Conferendus
1055 2122 1157 2180 sutem
1180 2118 1303 2182 omniuo
1327 2127 1373 2182 est

365 2232 547 2319 Euripides,
572 2232 664 2297 Here.
689 2234 748 2298 fur.
773 2236 837 2299 875

674 2353 730 2419 τόν
752 2380 786 2420 τε
807 2356 1022 2437 χρυσοκάρανον

675 2474 777 2553 δόρκαν
798 2474 995 2540 ποικιλόνωτον

674 2594 845 2673 συλήτειραν
866 2595 1024 2672 ἀγρωστᾶν

675 2712 807 2787 κτεθνας,
830 2712 977 2794 θηροφόνον
997 2711 1064 2777 θεοὶν

675 2832 816 2896 Οἰνωᾶτιν
838 2828 980 2907 ἀγάλλει.

412 2954 463 3015 54.
498 2950 646 3031 Ὀρθωσόρ.
682 2946 804 3013 Nomen
836 2947 874 3013 ab
903 2949 1051 3013 Arcadiae
1074 2956 1178 3013 monle
1200 2949 1372 3013 derivatum

365 3068 503 3134 ridetur:
531 3067 584 3131 alii
607 3066 645 3133 ob
668 3068 748 3148 όρθόω
772 3067 972 3132 derivandum
996 3074 1125 3153 putent,
1150 3068 1197 3131 rel
1221 3067 1304 3151 quod
1328 3091 1372 3131 se·

365 3188 461 3253 lutem
484 3197 635 3274 praestet,
660 3180 708 3251 iel
732 3186 813 3271 quod
839 3188 991 3271 parientes
1011 3187 1115 3271 juvet,
1141 3187 1187 3251 vel
1209 3187 1292 3272 quod
1307 3209 1375 3273 per·

365 3317 416 3374 tus
439 3315 546 3373 servet.
589 3305 668 3371 Sunt
691 3306 748 3371 hee
772 3304 909 3391 singulae
933 3305 1151 3391 explicationes
1175 3306 1206 3369 in
1229 3305 1372 3371 scholiis:

366 3426 501 3512 ejusdem
525 3425 608 3490 Deae
634 3424 752 3490 cultum
775 3431 806 3489 et
828 3424 861 3488 in
884 3423 974 3488 lllide
997 3433 1028 3488 et
1050 3424 1181 3490 Athenis
1203 3425 1315 3502 fuisse,
1340 3426 1372 3489 in

365 3546 473 3611 iisdem
495 3545 636 3610 truditur.
683 3542 785 3609 Etiam
808 3545 840 3609 in
864 3544 1012 3629 Argolide
1035 3543 1129 3609 luisse
1151 3552 1282 3609 testetur
1296 3542 1374 3609 Pau-

365 3668 482 3745 sanias,
514 3664 551 3729 L.
575 3663 609 3728 H
633 3662 667 3728 G.
695 3660 804 3728 XXIV
829 3665 865 3741 6,
898 3672 929 3727 et
951 3662 1091 3749 Byzantii
1115 3662 1310 3741 Herodotus,
1334 3660 1371 3728 Lss

332 3784 336 3795 '
366 3783 411 3847 IV
436 3786 488 3850 87.
512 3783 628 3848 Montis
652 3804 761 3847 nomen
786 3804 804 3845 e
827 3781 1000 3847 scholiastis
1016 3780 1149 3847 truditur
1165 3782 1211 3846 vel
1227 3780 1373 3847 Orthium

366 3900 459 3966 luisse
481 3902 530 3966 vel
552 3900 750 3966 Orthosium:
776 3922 875 3985 neque
891 3901 958 3985 ejus
972 3901 1159 3966 mentionem
1174 3900 1249 3966 olibi
1263 3902 1371 3986 reperi.

367 4019 403 4083 In
428 4020 563 4105 ejusdem
587 4028 689 4085 autem
712 4040 816 4085 oervse
839 4018 969 4083 historio
991 4018 1029 4083 sb
1052 4017 1241 4104 Apollodoro
1263 4041 1375 4083 memo·
1457 4024 1462 4033 ’

366 4148 452 4205 retur
474 4140 575 4216 Οἰνόηε
590 4136 631 4216 ἦν
654 4139 683 4205 δὲ
706 4142 723 4216 ἡ
746 4138 857 4220 ἔλαφος
880 4138 1015 4215 Aones
1032 4137 1207 4219 χρυσόκερως
1223 4137 1373 4215 'Antullae

367 4258 437 4341 ἱεροὶ.
462 4258 497 4323 L.
522 4258 557 4322 II
580 4257 615 4322 Ο.
641 4260 670 4322 5.
717 4256 788 4338 Quo
819 4258 943 4322 nomine
974 4264 1055 4322 certe
1085 4236 1275 4343 significetur
1301 4256 1374 4321 urbs

369 4380 481 4463 Argiva
505 4377 596 4451 Οἰνόη
603 4426 612 4455 ,
637 4376 675 4441 de
699 4399 760 4461 qus
780 4376 881 4441 Dione
904 4373 1052 4440 Oenoetis
1068 4375 1152 4440 diets
1167 4384 1229 4452 est,
1247 4384 1277 4438 et
1293 4375 1374 4459 opud

367 4496 545 4582 Euripidem
575 4495 729 4582 oppellste
760 4518 795 4559 eo
827 4495 912 4573 loeo,
948 4517 1040 4581 quem
1071 4494 1162 4559 modo
1194 4493 1373 4557 attulimus:
