3725 5542
805 727 868 790 ost

325 929 540 995 moderamine.
587 928 693 991 Potest
727 925 818 989 etiam
848 922 967 986 dictum
999 920 1164 985 existimari
1197 918 1236 981 de
1267 922 1339 1000 apta

325 1070 469 1113 curruum
492 1054 656 1111 structura.
679 1043 796 1107 Verum
815 1042 848 1106 in
864 1038 989 1105 scholiis
1006 1038 1067 1103 alia
1084 1042 1339 1102 commemoratur

325 1172 480 1251 praeterea
509 1163 689 1248 explicatio,
721 1183 801 1245 qnae
823 1160 917 1224 fuerit
940 1157 1084 1241 Didymi:
1108 1162 1207 1220 rotam
1230 1176 1339 1238 nempe

325 1282 485 1367 figulinam
506 1280 687 1366 significari:
712 1286 744 1344 et
765 1295 804 1343 ex
824 1277 1030 1362 Theophrasti
1053 1274 1149 1339 Libro
1170 1273 1208 1338 de
1228 1272 1339 1337 Inuen-

326 1399 463 1465 tionihns
487 1398 612 1464 affertur
633 1396 784 1483 Hyperhii
807 1395 963 1460 Corinthii
985 1393 1147 1471 memoria,
1171 1391 1339 1457 inventoris

325 1525 411 1582 rotae
444 1516 599 1601 figulinae.
646 1514 783 1592 Plinius,
820 1512 902 1577 Hist.
938 1510 1012 1576 Nat.
1044 1510 1082 1575 L.
1113 1508 1178 1573 VH
1210 1507 1245 1573 Ο.
1279 1510 1339 1574 57:

326 1613 486 1718 „Figlinas
519 1632 637 1697 invenit
670 1630 821 1696 Goroebes
853 1629 1068 1707 Atheniensis,
1100 1627 1132 1691 in
1163 1627 1201 1691 iis
1235 1626 1339 1691 orhem

328 1750 512 1815 Anacharsis
534 1749 678 1834 Scythes,
702 1755 739 1812 ut
761 1746 831 1824 alii,
855 1745 1033 1832 Hyperbius
1054 1742 1266 1810 Corinthius.”
1300 1744 1342 1807 Ilt

328 1890 399 1932 vasa
414 1866 575 1932 Corinthia
589 1866 715 1932 omniuo
731 1866 899 1931 clarissima
913 1865 1008 1930 fuisse
1023 1872 1131 1929 notum
1149 1871 1204 1928 est.
1241 1862 1340 1948 Ergo,

328 2006 514 2069 quamquam
543 1984 621 2050 mihi
650 1983 745 2069 hujus
774 1983 836 2048 loci
865 1982 1028 2067 explicatio
1059 1980 1181 2045 videtur
1207 1982 1341 2057 incerta,

328 2108 429 2165 nmen
460 2100 584 2184 Didymi
607 2100 842 2185 explicationem
864 2122 928 2164 non
952 2097 1204 2164 contemnendam
1230 2104 1261 2161 et
1283 2097 1342 2161 for·

329 2227 409 2281 tasse
431 2217 618 2301 probandam
642 2218 794 2282 existimo.
829 2216 932 2281 Etiam
952 2222 1058 2301 postea
1073 2215 1199 2280 laudata
1216 2214 1343 2279 luerunt

328 2334 487 2399 Thericlea
516 2335 644 2419 pocula,
675 2334 824 2399 Thericlia
856 2332 1012 2398 Corinthii
1039 2334 1171 2419 primum
1195 2354 1287 2417 opera
1311 2337 1341 2396 et

330 2452 369 2516 de
392 2452 456 2536 ejus
479 2452 604 2515 nomine
627 2452 801 2515 nominata:
827 2450 941 2515 Athen.
965 2449 1002 2514 L.
1027 2448 1076 2514 XI
1097 2472 1128 2534 p.
1154 2451 1230 2535 4:⁷⁰·

375 2570 428 2633 30.
459 2568 596 2645 βοονλῆο
617 2567 738 2646 δίδυμον.
761 2567 900 2633 Tertium
918 2566 1148 2633 Corinthiorum
1164 2568 1340 2646 inventum,

329 2684 434 2769 aquila
468 2684 583 2770 dnplex
616 2686 649 2749 in
685 2684 870 2770 templorum
903 2684 1044 2770 fastigiis.
1092 2682 1226 2750 Omnino
1261 2682 1340 2749 clerc}

330 2801 412 2866 dicta
435 2809 482 2865 est
504 2802 652 2885 quaedam
676 2824 746 2887 pars
769 2802 964 2886 fastigiorum
987 2804 1019 2867 iu
1043 2802 1182 2887 templis:
1207 2801 1340 2866 Peucen.

328 2916 366 2981 L.
398 2916 433 2980 Π
464 2915 498 2980 0.
522 2915 588 2981 VII
618 2920 638 2981 8
670 2924 819 2983 memorat
848 2918 982 3003 sepulcri
1012 2918 1143 2996 ἔτίθνμο
1173 2918 1255 2984 κατὰ
1277 2917 1343 2989 τοὺς

331 3033 435 3106 ἀετοὺς
457 3034 595 3110 μάλιστα
615 3035 682 3105 τοὺς
704 3036 734 3099 ἐν
755 3042 816 3107 τοῖς
840 3042 934 3107 vaste:
956 3041 987 3100 et
1002 3034 1037 3099 G.
1055 3033 1105 3099 XI
1121 3038 1156 3112 8,
1173 3033 1210 3097 de
1226 3034 1343 3119 templo

331 3150 508 3236 Aesculapii
529 3150 658 3215 'litones
680 3173 775 3237 prope
797 3152 976 3237 Sicyonem:
999 3153 1042 3217 rat
1065 3152 1094 3217 δὲ
1117 3152 1146 3217 ἒν
1168 3158 1228 3223 τοῖς
1248 3151 1343 3224 ἀετοῖς

329 3269 478 3345 Ἡρακλῆς
499 3267 550 3332 aa>
572 3275 663 3333 Νῖνον
685 3268 755 3348 πρὸς
776 3277 837 3341 τοῖς
859 3269 980 3350 arimin
1003 3270 1083 3335 aloru.
1118 3268 1242 3332 Suidas=
1257 3268 1343 3339 derbe

329 3384 581 3468 οἰκοδομημάτων,
603 3386 638 3449 τὸ
660 3385 742 3451 κοντοὶ
762 3385 813 3451 τὸν
833 3385 950 3469 ὄροφον,
974 3383 993 3452 8
1009 3386 1221 3462 rossellanus
1236 3391 1343 3451 κολοῦ-

330 3526 389 3567 οννι
422 3511 471 3567 et:
493 3504 680 3581 οξετώμοτο,
703 3504 745 3568 τοὶ
767 3509 824 3567 τῶν
846 3504 923 3582 ἱερῶν
946 3502 1168 3586 creatuturam,
1193 3502 1344 3583 πτέρυγος

329 3620 383 3684 καὶ
411 3620 515 3692 ἀετοὺς
546 3625 694 3685 καλοῦσιν.
739 3618 860 3685 Similia
888 3626 963 3685 sunt
993 3621 1027 3685 in
1050 3620 1175 3685 scholiis
1198 3620 1237 3685 ad
1260 3620 1344 3685 hunc

329 3736 449 3816 locum,
482 3744 514 3801 et
544 3737 713 3821 Didymum
739 3737 876 3823 duplicia
898 3743 1050 3803 aetomata
1073 3738 1239 3824 explicasse
1261 3746 1345 3803 ante·

328 3854 409 3917 riora
439 3862 470 3918 et
502 3855 679 3939 posteriora.
726 3854 862 3919 Omnino
892 3854 977 3919 facili
1007 3856 1131 3940 negotio
1163 3854 1253 3941 plura
1276 3854 1344 3919 loca

329 3970 448 4035 adferre
470 3978 615 4055 potuero:
640 3992 745 4035 verum
769 3992 849 4055 quae
865 3972 959 4036 inerit
974 3972 1098 4057 propria
1112 3971 1341 4037 Corinthiorum

327 4086 361 4150 in
392 4085 450 4150 hac
481 4086 659 4151 inventione
681 4086 767 4164 laus,
793 4087 932 4153 nondum
955 4088 1000 4154 ita
1021 4089 1098 4154 mihi
1122 4089 1282 4175 apparuit,
1306 4095 1343 4153 ut

329 4201 580 4266 eam'ostendere
603 4210 633 4267 et
656 4204 805 4268 concinne
828 4204 1041 4270 demonstrare
1060 4205 1184 4291 possim.
1216 4204 1343 4269 Univer-

328 4342 393 4386 νοω
416 4326 520 4384 antem
543 4342 649 4384 eorum
673 4320 795 4385 landem
820 4322 1004 4407 significavit
1025 4323 1135 4387 Strabo
1158 4322 1195 4387 L.
1208 4322 1291 4387 VIII
1310 4346 1341 4408 p.

329 4439 410 4515 882,
443 4436 525 4501 Alm.
559 4439 638 4502 586:
663 4440 681 4513 al
704 4438 789 4512 πόλις
819 4447 876 4505 τῶν
906 4440 1049 4521 Κορινθίων
1080 4438 1203 4519 μεγάλη
1232 4428 1341 4507 vexet
