3725 5542
883 758 946 817 245

408 954 533 1019 labore?
572 956 677 1021 Stadia
702 956 826 1042 quidem
850 965 931 1021 recto
956 958 1054 1021 victor
1074 958 1133 1021 fuit
1150 958 1281 1043 pedibus
1298 982 1424 1025 currens

409 1073 489 1137 filius
521 1072 670 1159 Lioyumii
703 1074 846 1139 Ocorrus:
878 1076 1021 1140 veniebat
1044 1076 1149 1141 Midea
1172 1076 1288 1141 ducens
1312 1080 1425 1142 exerci-

406 1203 489 1256 tum:
522 1194 607 1258 lucta
629 1204 731 1258 autem
757 1194 885 1279 gloriam
910 1194 1064 1259 Echemus
1088 1195 1209 1259 addidit
1233 1196 1365 1281 Tegeae:
1391 1206 1422 1261 at
1459 1204 1499 1262 80

407 1311 557 1396 Doryolus
592 1312 666 1377 tulit
696 1314 856 1399 pugilatus
888 1311 1065 1391 victoriam,
1101 1313 1252 1399 Tiryntha
1283 1316 1421 1379 incolens

406 1430 528 1496 urbem:
554 1432 711 1518 quadrigis
733 1433 850 1497 marina
865 1432 1026 1497 Mantinea
1041 1432 1169 1497 Samus:
1195 1433 1257 1497 telo
1274 1433 1422 1499 Phrastor

406 1573 532 1637 scopum
549 1552 653 1636 tetigit
659 1579 667 1629 3
685 1552 944 1636 longinquitatem
961 1560 1121 1615 assecutus
1137 1561 1183 1616 est
1199 1575 1272 1616 saxo
1289 1552 1422 1617 Enicens

405 1693 498 1734 manu
534 1670 638 1735 voluta
674 1694 766 1757 supra
801 1694 928 1749 omues,
965 1672 1101 1757 sociique
1136 1672 1301 1736 clamorem
1332 1672 1422 1757 juxta

406 1796 567 1854 moverunt
590 1812 745 1875 magnum.
783 1790 958 1854 Illustravit
981 1813 1142 1875 vesperum
1161 1791 1312 1855 formosae
1328 1791 1421 1856 lunae
1457 1798 1498 1855 ao

404 1908 458 1972 lux
490 1908 629 1973 amabilis
661 1918 692 1973 et
722 1911 755 1974 iu
785 1918 880 1973 cautu
912 1920 978 1974 erat
1009 1918 1111 1974 totum
1134 1911 1240 1974 fanum
1265 1911 1421 1975 hilaritate

400 2026 539 2112 jucunda
568 2027 659 2092 modo
683 2028 770 2092 festo.
820 2028 915 2092 Initia
939 2029 1042 2113 priora
1066 2030 1165 2093 secuti
1189 2052 1273 2094 nunc
1297 2052 1421 2114 quoqne

403 2146 617 2231 cognominem
640 2146 762 2211 laudem
786 2147 958 2231 praeclarae
977 2148 1123 2212 victoriae
1144 2147 1352 2232 cantabimus,
1377 2156 1422 2212 to·

403 2265 487 2329 nitru
518 2274 548 2329 et
579 2264 706 2350 igneum
736 2266 834 2329 telum
858 2287 951 2328 sonos
975 2265 1126 2329 moventis
1148 2264 1252 2346 lovis,
1279 2267 1311 2329 in
1336 2266 1419 2329 omni

403 2383 528 2447 victoria
558 2382 678 2447 fulvum
711 2382 827 2446 fulmen
859 2392 977 2467 aptum.
1025 2382 1066 2446 Et
1097 2382 1135 2446 ad
1168 2382 1276 2447 tibiam
1300 2383 1419 2448 fervens

401 2508 510 2565 cautus
534 2512 675 2566 occurret
699 2502 886 2579 carminum,
912 2525 992 2588 quae
1016 2502 1098 2587 apud
1122 2502 1287 2587 gloriosam
1307 2502 1418 2566 Dircen
1462 2506 1520 2564 loo

402 2642 469 2684 sero
501 2620 625 2705 quidem
658 2629 882 2706 apparuerunt:
915 2620 969 2685 sed
997 2620 1259 2705 quemadmodum
1282 2605 1359 2706 puer
1382 2644 1419 2686 ex

401 2760 495 2803 uxore
531 2740 610 2824 patri
645 2738 838 2803 desideratus
873 2752 919 2804 est
954 2740 1090 2803 venienti
1121 2742 1185 2825 jam
1216 2740 1256 2803 ad
1288 2748 1420 2804 aetatem

397 2858 555 2941 juventuti
589 2858 789 2934 contrariam,
826 2870 856 2921 et
893 2858 981 2922 valde
1018 2859 1100 2923 fovet
1131 2879 1233 2922 amore
1264 2868 1416 2923 mentem:

401 2974 654 3059 quandoquidem
685 2975 810 3039 divitiae
842 2984 987 3040 necturae
1020 2976 1180 3040 domiuum
1213 2976 1418 3041 adductitium

402 3093 535 3158 alienum
555 3095 697 3159 morienti
711 3104 784 3159 sunt
797 3094 1005 3159 tristissimae:
1026 3095 1070 3159 sic
1086 3096 1179 3159 etiam
1191 3117 1288 3179 quum
1300 3095 1417 3180 pulcris

400 3212 587 3277 facinoribus
620 3214 707 3277 lactis
740 3213 804 3277 sinc
837 3214 988 3290 carmine,
1025 3212 1225 3297 Agesidame,
1255 3213 1293 3276 ad
1319 3212 1418 3277 Hadia

399 3331 494 3396 limen
523 3332 694 3407 cnvenit,
727 3332 830 3395 inania
855 3332 984 3416 spiravit
1007 3341 1039 3395 et
1062 3330 1148 3395 dedit
1172 3331 1270 3395 labori
1295 3334 1417 3396 brevem

398 3451 532 3536 aliquam
557 3449 715 3513 laetitiam.
756 3448 826 3513 'libi
852 3472 921 3513 vero
947 3449 1038 3513 dulce
1058 3472 1171 3513 sonans
1188 3450 1252 3534 lyra
1268 3458 1299 3512 et
1315 3448 1416 3513 dulcis

399 3568 475 3632 tibia
506 3568 663 3653 adspergit
695 3568 828 3633 laudem.
877 3568 907 3631 N
910 3569 1032 3632 utriuut
1063 3568 1156 3632 latam
1185 3568 1313 3652 gloriam
1338 3568 1417 3632 filiae

398 3686 485 3751 Jovis
510 3686 657 3750 Pierides
699 3686 765 3772 Ego
789 3709 860 3750 vero
885 3710 948 3750 rem
973 3708 1135 3771 aggressus
1159 3686 1279 3765 studio,
1305 3687 1418 3751 claram

398 3814 522 3890 gentem
545 3803 715 3870 Locrorum
740 3804 900 3890 amplexus
924 3828 1006 3884 snm,
1032 3805 1121 3869 melle
1142 3803 1293 3869 celebrem
1310 3804 1417 3870 urbam

398 3924 520 4008 rigans,
554 3924 713 4007 filiumque
745 3924 905 3988 amabilem
936 3924 1125 3987 Archestrati
1148 3923 1291 4000 laudavi,
1324 3946 1415 4006 quem

398 4042 461 4107 vidi
494 4044 667 4107 vincentem
690 4065 800 4106 manus
829 4041 1010 4107 fortitudine
1034 4041 1072 4105 ad
1097 4063 1180 4105 aram
1203 4040 1418 4125 Olympicam,

398 4185 434 4226 eo
458 4168 596 4246 tempore
620 4162 718 4225 forma
741 4160 884 4246 pulcrum
909 4168 940 4224 et
971 4169 1313 4255 actatetemperatum,
1339 4181 1417 4243 quae

400 4280 565 4364 aliquando
601 4280 811 4365 impudentem
847 4279 1020 4365 Ganymedi
1056 4288 1184 4344 mortem
1216 4280 1314 4343 arcuit
1345 4300 1415 4342 oum

400 4398 542 4485 Cypride.
