3725 5542
885 694 949 757 247

408 902 557 978 reguntur
590 916 681 957 naves
713 893 842 971 colerae,
869 900 1010 976 terraque
1038 893 1120 958 bella
1142 895 1249 979 rapida
1273 905 1305 958 et
1328 897 1423 960 oonsi-

408 1012 520 1075 liorum
543 1019 684 1096 parentes
708 1011 887 1075 conciones:
913 1034 983 1095 spes
999 1010 1160 1075 hominum
1177 1035 1267 1097 saepe
1284 1036 1422 1093 sursum,

408 1129 483 1193 alias
508 1152 578 1193 vero
601 1129 744 1193 deorsum
770 1150 884 1193 errores
908 1129 1011 1193 irritos
1035 1151 1141 1193 secans
1165 1130 1308 1193 volvitur.
1356 1131 1422 1216 Sig-
1463 1137 1500 1196 10

408 1271 483 1312 num
513 1270 602 1313 nemo
636 1270 771 1333 unquam
796 1246 975 1311 mortalium
997 1246 1095 1311 fidum
1118 1247 1156 1311 de
1179 1255 1293 1312 eventu
1317 1250 1423 1314 futuro

406 1367 524 1432 invenit
548 1366 715 1431 divinitus:
741 1366 919 1430 futurorum
943 1366 1058 1429 indicia
1081 1375 1156 1430 sunt
1178 1389 1277 1431 caeca.
1321 1368 1423 1433 Multa

407 1485 582 1550 hominibus
599 1494 719 1571 praeter
731 1486 914 1549 sententiam
928 1492 1111 1563 evenerunt,
1129 1488 1281 1551 contraria
1292 1488 1421 1572 gaudio:

407 1603 476 1681 alii,
502 1626 598 1688 quum
623 1604 654 1667 in
678 1604 800 1667 acerbas
820 1604 955 1668 incidere
976 1604 1142 1688 proeellas,
1167 1603 1282 1669 bonum
1300 1606 1424 1690 profun-

406 1722 480 1786 dum
504 1722 676 1787 calamitate
692 1731 855 1787 mutarunt
872 1722 955 1787 brevi
971 1729 1118 1808 tempore.
1156 1724 1216 1787 Fili
1232 1724 1421 1804 Philanoris,
1461 1727 1499 1788 19

406 1842 542 1927 profecto
577 1843 668 1907 etiam
700 1852 772 1921 tua,
808 1844 894 1907 intus
926 1842 1095 1927 pugnantis
1129 1844 1227 1906 instar
1261 1844 1355 1927 galli,
1391 1845 1422 1908 in

405 1967 536 2045 cognata
559 1960 630 2025 sede
654 1960 785 2045 inglorie
808 1961 876 2024 laus
897 1960 1009 2045 pedum
1028 1960 1211 2039 decidisset,
1235 1962 1295 2026 nisi
1311 1962 1421 2027 seditio

406 2079 550 2144 bellicosa
582 2086 612 2143 te
637 2079 751 2142 Cnosia
774 2080 923 2165 privasset
947 2080 1056 2165 patria.
1105 2080 1198 2143 Nune
1222 2103 1293 2144 vero
1317 2079 1421 2165 Olym-

405 2198 473 2283 piae
504 2205 667 2262 coronatus
692 2206 722 2260 et
746 2196 793 2261 bis
817 2220 853 2261 ex
885 2197 1026 2282 Pythone
1050 2207 1080 2263 et
1103 2199 1135 2262 in
1160 2198 1297 2276 Isthmo,
1328 2198 1422 2284 Ergo·

403 2316 497 2393 teles,
534 2316 632 2379 calida
668 2314 881 2401 Nympharum
915 2317 1034 2381 lavacra
1056 2317 1169 2394 ⁴tollis,
1206 2340 1275 2381 eum
1307 2318 1421 2402 quibus

405 2436 480 2499 vivis
501 2436 592 2521 juxta
616 2457 703 2519 agros
729 2434 923 2499 domesticos.
1458 2438 1500 2497 28

813 2706 1016 2715 ...ψ-...-

748 2903 945 2969 OLYMPIA
984 2905 1077 2971 XIII.

703 3161 904 3205 xurtoPfloNul
934 3161 1124 3220 comarum,

693 3378 812 3442 &rasori
847 3384 876 3441 et
909 3378 1135 3464 qohaqeertzoai.

447 3616 559 3682 Tribus
599 3618 711 3681 claram
746 3617 875 3681 laudans
911 3618 1038 3681 domum
1074 3616 1210 3680 victoriis
1244 3613 1420 3701 Olympiis,

403 3737 508 3801 mitem
532 3735 650 3800 civibus
674 3743 704 3799 et
727 3736 903 3821 hospitibus
928 3736 1128 3810 servientem,
1152 3754 1335 3818 cognoscam
1351 3732 1419 3799 bea

402 3842 466 3920 tam
489 3854 692 3932 Corinthum,
718 3854 842 3919 Isthmii
863 3855 974 3919 atrium
991 3852 1150 3939 Neptuni,
1172 3853 1301 3937 juventa
1316 3876 1420 3938 super·

402 3975 546 4040 bientem.
593 3972 643 4037 Ibi
674 3974 757 4037 enim
790 3972 943 4037 Eunomia
973 3971 1094 4036 habitat
1125 3974 1252 4057 ejusque
1282 3993 1417 4049 sorores,

402 4092 638 4158 fundamentum
670 4092 847 4169 civitatum,
881 4098 950 4155 tuta
980 4090 1110 4155 Iustitia
1132 4098 1164 4154 et
1186 4112 1312 4155 eoncors
1336 4090 1417 4169 Pax,

401 4212 560 4276 ministrae
591 4209 772 4274 mortalibus
803 4208 998 4286 divitiarum,
1031 4231 1139 4274 aureae
1167 4208 1248 4272 filiae
1271 4208 1417 4293 sapientia
1457 4211 1495 4272 lo

402 4328 577 4405 Themidis,
611 4329 781 4415 voluntque
804 4350 906 4393 arcere
933 4327 1264 4414 Superbiam,Fast11a
1288 4336 1415 4391 matrem

403 4471 541 4516 sermone
572 4456 751 4516 tumentem.
800 4448 908 4516 Habeo
940 4448 1041 4514 dicere
1073 4448 1197 4536 pulcra,
1230 4454 1261 4511 et
1289 4446 1416 4511 audacia
