3725 5542
983 759 1045 819 312

508 962 623 1027 marina
652 964 713 1027 iere
744 962 849 1027 eadem
880 959 976 1024 tradit
1006 959 1200 1033 Herodotus,
1232 958 1295 1022 VII
1330 962 1407 1037 154,
1444 963 1516 1023 156.

511 1080 588 1167 Ergo
605 1082 696 1147 tertia
713 1080 891 1145 Camarinae
907 1078 1088 1142 constitutio
1104 1078 1226 1142 videtur
1241 1078 1396 1163 ponenda,
1414 1100 1519 1142 secuu-

508 1198 580 1263 dum
608 1198 793 1275 Diodorum,
817 1196 868 1261 ol.
893 1195 1049 1272 LXXIX,
1074 1200 1111 1259 4:
1136 1220 1214 1281 quae
1238 1206 1340 1261 autem
1361 1197 1400 1260 de
1415 1196 1520 1281 Olym·

510 1318 598 1403 piade
620 1318 805 1402 octogesima
827 1314 961 1380 secunda
983 1326 1014 1378 et
1031 1316 1215 1399 octogesima
1230 1316 1339 1399 quinta
1353 1315 1518 1380 traduntur

509 1436 539 1499 in
568 1436 708 1515 scholiis,
732 1458 767 1500 ea
789 1446 843 1500 aut
866 1434 927 1499 alio
951 1435 1135 1520 pertinuisse
1158 1434 1312 1520 putanda,
1337 1444 1389 1499 aut
1414 1436 1519 1521 potius

510 1554 597 1639 plane
628 1554 791 1639 rejicIenda
821 1553 979 1617 ridentur:
1012 1567 1077 1617 tum
1109 1554 1182 1636 quia
1208 1554 1342 1617 interae
1365 1554 1432 1638 ipsa
1458 1576 1520 1617 non

508 1672 711 1749 conveniunt,
736 1682 801 1735 tum
825 1680 985 1757 propterea
1008 1669 1091 1755 quod
1115 1671 1276 1735 artificiose
1300 1670 1340 1735 ad
1360 1671 1514 1735 victoriam

508 1789 681 1855 Pssumidis
705 1798 958 1855 commentatores
980 1788 1207 1853 accommodare
1230 1812 1266 1853 ea
1282 1800 1419 1876 tempora
1434 1790 1518 1855 volu·

509 1917 609 1974 erunt.
655 1907 744 1990 Quae
778 1918 879 1973 temen
916 1907 1156 1972 accommodatio
1191 1908 1303 1972 frustra
1336 1921 1392 1972 est.
1440 1908 1517 1973 Nam

511 2050 606 2111 quum
630 2026 802 2091 Pssumidis
827 2027 981 2092 victoriam
1006 2026 1053 2089 vet
1077 2026 1115 2089 ad
1134 2025 1185 2089 Ol.
1201 2026 1358 2090 LXXXII
1373 2028 1517 2105 referant,

512 2146 560 2210 rel
585 2146 737 2231 duplicem
762 2170 826 2211 esse
850 2154 1004 2223 statuant,
1036 2146 1161 2210 alteram
1186 2145 1299 2211 rhedae
1321 2147 1447 2211 mularis
1470 2145 1520 2211 Ol.

512 2264 666 2342 LXXXI,
691 2264 816 2329 alteram
840 2264 979 2329 curulem
998 2263 1048 2328 Ol.
1065 2264 1234 2329 LXXXII:
1251 2287 1313 2329 uon
1329 2288 1401 2329 saue
1417 2267 1520 2343 video,

510 2384 663 2470 quomodo
686 2390 714 2449 ἐν
739 2388 778 2465 τῷ
801 2384 918 2461 μεταξὺ
940 2383 1032 2465 χρόνῳ
1053 2382 1105 2447 01.
1128 2384 1284 2448 LXXXII
1304 2383 1350 2449 vel
1367 2384 1517 2448 LXXXV

511 2503 674 2567 Camarina
696 2504 866 2568 instaurata
889 2502 928 2566 sit
948 2504 981 2584 ¹).

558 2621 647 2687 Certe
668 2621 752 2687 brevi
773 2634 842 2707 post
859 2623 973 2709 patriae
988 2622 1237 2686 instaurationem
1256 2623 1412 2687 victoriam
1429 2623 1521 2687 Pseu·

512 2740 586 2805 midi
621 2740 785 2826 obtigisse,
821 2763 858 2805 ex
893 2740 941 2804 h‘u
972 2740 1157 2805 carminibus
1187 2750 1322 2825 apparet.
1368 2740 1522 2807 Celebrari

515 2868 646 2943 utroque
680 2860 811 2923 carmine
848 2882 939 2923 unam
970 2858 1156 2944 eundemque
1187 2861 1362 2939 victoriam,
1395 2885 1522 2946 eamque

514 2978 607 3043 fuisse
631 2977 741 3042 rhedae
765 2978 904 3055 mularis,
929 2979 1004 3042 satis
1019 2988 1103 3042 certo
1118 2978 1206 3043 uobis
1221 2986 1357 3043 statuere
1373 2980 1520 3046 videmur.

557 3094 708 3160 Carminis
732 3095 777 3159 IV
802 3118 835 3159 vs
860 3099 917 3159 al:
942 3096 1081 3161 Paaumis
1104 3097 1232 3182 gloriam
1255 3097 1371 3182 patriae
1392 3100 1521 3164 excitare

512 3215 651 3278 festinat:
677 3214 705 3275 V
730 3218 749 3276 8
773 3215 878 3279 urbem
902 3214 1048 3279 honorat:
1074 3219 1114 3279 19
1130 3238 1233 3281 recens
1248 3216 1403 3281 conditam
1419 3218 1519 3283 sedem

512 3334 643 3397 nuntiat.
668 3333 756 3413 Quae
779 3334 903 3419 quidem
927 3336 1072 3400 victoriae
1095 3336 1217 3399 laudem
1241 3336 1426 3414 ostendunt,
1450 3360 1518 3402 cunr

513 3452 685 3517 recentibus
709 3455 824 3538 patriae
847 3454 1043 3519 incrementis
1066 3456 1249 3540 copulatam.

558 3570 682 3637 Bbedse
715 3572 841 3636 mularis
876 3574 1021 3637 memoria
1054 3586 1100 3637 est
1133 3574 1215 3659 apud
1251 3574 1450 3651 Pausaniam,
1482 3574 1518 3641 L.

514 3688 541 3749 V
566 3712 592 3756 c.
617 3694 655 3754 9:
688 3689 720 3765 ἦν
749 3693 846 3766 ἀπήνη
877 3694 958 3757 κατὰ
988 3695 1041 3766 rip
1070 3693 1206 3772 rvropba
1236 3693 1366 3771 ἡμιόνους
1387 3694 1454 3758 int
1475 3692 1522 3757 Ir-

492 3834 573 3874 ¹arua
595 3811 723 3890 ἔχουσαι
748 3810 901 3889 ‚‚habebat
924 3810 1019 3876 rheda
1040 3812 1073 3875 in
1096 3812 1176 3896 bigis
1198 3811 1297 3876 mulae
1320 3834 1375 3897 pro
1399 3813 1520 3897 equis:''

514 3930 692 3995 institutum
728 3941 829 3995 etitem
864 3954 927 3995 esse
964 3931 995 3995 id
1026 3941 1177 3995 certamen
1209 3932 1302 3995 tradit
1332 3930 1382 3995 Ol.
1414 3930 1520 4009 LXX,

547 4248 570 4307 l)
587 4247 681 4297 Bruuet
697 4247 726 4296 dc
744 4248 838 4305 Preale,
862 4264 916 4313 pag.
936 4250 1002 4307 tte,
1019 4266 1033 4297 ι
1049 4249 1184 4299 Scbeliuta
1201 4249 1299 4299 Pindari
1317 4250 1390 4299 etiem
1406 4251 1522 4315 panerio·

514 4358 564 4392 rem
589 4343 730 4393 Camurium
754 4344 942 4393 detractionem
969 4346 1096 4395 memoreri
1120 4345 1195 4403 dicit.
1219 4347 1306 4395 seeum
1329 4363 1344 4395 a
1366 4346 1522 4409 Syracusanis

514 4438 554 4486 01.
571 4438 690 4487 LXXXV:
708 4439 758 4505 ipse
776 4439 806 4488 de
823 4439 874 4501 eju·
891 4440 985 4489 numeri
1002 4440 1104 4489 veritato
1120 4441 1230 4491 dubitat:
1247 4457 1329 4491 raum
1346 4442 1456 4506 equidem
1467 4458 1519 4491 een

517 4534 654 4583 memoriam
672 4534 697 4583 iu
714 4533 811 4582 scholiis
828 4550 876 4584 nou
894 4534 979 4599 reperi.
