<?xml version="1.0" encoding="UTF-8"?>
<!DOCTYPE html PUBLIC "-//W3C//DTD XHTML 1.0 Transitional//EN"
    "http://www.w3.org/TR/xhtml1/DTD/xhtml1-transitional.dtd">
<html xmlns="http://www.w3.org/1999/xhtml" xml:lang="en" lang="en">
 <head>
  <title>
</title>
<meta http-equiv="Content-Type" content="text/html;charset=utf-8" />
  <meta name='ocr-system' content='tesseract 3.04.00' />
  <meta name='ocr-capabilities' content='ocr_page ocr_carea ocr_par ocr_line ocrx_word'/>
</head>
<body>
  <div class='ocr_page' id='page_1' title='image "./pindaricarminao01pindgoog_0569.png"; bbox 0 0 3725 5542; ppageno 0'>
   <div class='ocr_carea' id='block_1_1' title="bbox 785 746 848 805">
    <p class='ocr_par' dir='ltr' id='par_1_1' title="bbox 785 746 848 805">
     <span class='ocr_line' id='line_1_1' title="bbox 785 746 848 805; baseline -0.016 0"><span class='ocrx_word' id='word_1_1' title='bbox 785 746 848 805; x_wconf 77' lang='lat'><strong>555</strong></span> 
     </span>
    </p>
   </div>
   <div class='ocr_carea' id='block_1_2' title="bbox 205 924 1339 4569">
    <p class='ocr_par' dir='ltr' id='par_1_2' title="bbox 306 924 1321 1259">
     <span class='ocr_line' id='line_1_2' title="bbox 306 924 1319 1033; baseline -0.032 -15"><span class='ocrx_word' id='word_1_2' title='bbox 306 955 449 1020; x_wconf 80' lang='lat' dir='ltr'><strong>victoriae</strong></span> <span class='ocrx_word' id='word_1_3' title='bbox 471 951 621 1016; x_wconf 73' lang='lat' dir='ltr'><strong>laetitiam</strong></span> <span class='ocrx_word' id='word_1_4' title='bbox 643 946 792 1033; x_wconf 75' lang='lat' dir='ltr'><strong>pertinere</strong></span> <span class='ocrx_word' id='word_1_5' title='bbox 815 940 953 1006; x_wconf 77' lang='lat' dir='ltr'><strong>videtur:</strong></span> <span class='ocrx_word' id='word_1_6' title='bbox 978 934 1061 1004; x_wconf 76' lang='grc' dir='ltr'>ἐσλὸς</span> <span class='ocrx_word' id='word_1_7' title='bbox 1083 952 1145 996; x_wconf 92' lang='lat' dir='ltr'><strong>nou</strong></span> <span class='ocrx_word' id='word_1_8' title='bbox 1161 926 1199 991; x_wconf 86' lang='lat' dir='ltr'><strong>ad</strong></span> <span class='ocrx_word' id='word_1_9' title='bbox 1215 924 1319 1009; x_wconf 76' lang='lat' dir='ltr'><strong>ningu-</strong></span> 
     </span>
     <span class='ocr_line' id='line_1_3' title="bbox 306 1037 1321 1155; baseline -0.035 -18"><span class='ocrx_word' id='word_1_10' title='bbox 306 1071 399 1136; x_wconf 86' lang='lat' dir='ltr'><strong>larem</strong></span> <span class='ocrx_word' id='word_1_11' title='bbox 423 1066 577 1155; x_wconf 89' lang='lat' dir='ltr'><strong>quandam</strong></span> <span class='ocrx_word' id='word_1_12' title='bbox 601 1061 874 1149; x_wconf 76' lang='lat' dir='ltr'><strong>significationem,</strong></span> <span class='ocrx_word' id='word_1_13' title='bbox 898 1053 953 1118; x_wconf 87' lang='lat' dir='ltr'><strong>eed</strong></span> <span class='ocrx_word' id='word_1_14' title='bbox 978 1050 1066 1135; x_wconf 82' lang='lat' dir='ltr'><strong>quani</strong></span> <span class='ocrx_word' id='word_1_15' title='bbox 1080 1066 1165 1111; x_wconf 88' lang='lat' dir='ltr'><strong>more</strong></span> <span class='ocrx_word' id='word_1_16' title='bbox 1180 1042 1266 1128; x_wconf 89' lang='lat' dir='ltr'><strong>epieo</strong></span> <span class='ocrx_word' id='word_1_17' title='bbox 1283 1037 1321 1102; x_wconf 89' lang='lat' dir='ltr'><strong>ad</strong></span> 
     </span>
     <span class='ocr_line' id='line_1_4' title="bbox 308 1168 1195 1259; baseline -0.032 -6"><span class='ocrx_word' id='word_1_18' title='bbox 308 1186 520 1253; x_wconf 86' lang='lat' dir='ltr'><strong>honorandum</strong></span> <span class='ocrx_word' id='word_1_19' title='bbox 543 1204 655 1247; x_wconf 78' lang='lat' dir='ltr'><strong>munus</strong></span> <span class='ocrx_word' id='word_1_20' title='bbox 679 1178 876 1259; x_wconf 77' lang='lat' dir='ltr'><strong>officiumque</strong></span> <span class='ocrx_word' id='word_1_21' title='bbox 900 1168 1067 1257; x_wconf 82' lang='lat' dir='ltr'><strong>praeconia.</strong></span> <span class='ocrx_word' id='word_1_22' title='bbox 1186 1224 1195 1243; x_wconf 68' lang='grc'>,</span> 
     </span>
    </p>

    <p class='ocr_par' dir='ltr' id='par_1_3' title="bbox 309 1275 1326 1975">
     <span class='ocr_line' id='line_1_5' title="bbox 365 1275 1324 1386; baseline -0.033 -17"><span class='ocrx_word' id='word_1_23' title='bbox 365 1308 436 1369; x_wconf 76' lang='lat'><strong>144,</strong></span> <span class='ocrx_word' id='word_1_24' title='bbox 488 1299 647 1386; x_wconf 79' lang='lat' dir='ltr'><strong>Olympiae</strong></span> <span class='ocrx_word' id='word_1_25' title='bbox 684 1293 826 1360; x_wconf 74' lang='lat' dir='ltr'>Thessali</span> <span class='ocrx_word' id='word_1_26' title='bbox 859 1298 891 1354; x_wconf 76' lang='lat' dir='ltr'><strong>et</strong></span> <span class='ocrx_word' id='word_1_27' title='bbox 926 1282 1141 1369; x_wconf 73' lang='lat' dir='ltr'>Xenophontis</span> <span class='ocrx_word' id='word_1_28' title='bbox 1181 1275 1324 1341; x_wconf 83' lang='lat' dir='ltr'><strong>victoriae</strong></span> 
     </span>
     <span class='ocr_line' id='line_1_6' title="bbox 309 1392 1325 1509; baseline -0.034 -20"><span class='ocrx_word' id='word_1_29' title='bbox 309 1423 408 1509; x_wconf 89' lang='lat' dir='ltr'><strong>priore</strong></span> <span class='ocrx_word' id='word_1_30' title='bbox 441 1418 584 1485; x_wconf 75' lang='lat' dir='ltr'><strong>carminis</strong></span> <span class='ocrx_word' id='word_1_31' title='bbox 620 1423 706 1499; x_wconf 77' lang='lat' dir='ltr'><strong>parte</strong></span> <span class='ocrx_word' id='word_1_32' title='bbox 740 1408 920 1475; x_wconf 77' lang='lat' dir='ltr'><strong>celebravit:</strong></span> <span class='ocrx_word' id='word_1_33' title='bbox 965 1411 1068 1490; x_wconf 73' lang='lat' dir='ltr'><strong>eperat</strong></span> <span class='ocrx_word' id='word_1_34' title='bbox 1101 1398 1225 1484; x_wconf 79' lang='lat' dir='ltr'><strong>plnres,</strong></span> <span class='ocrx_word' id='word_1_35' title='bbox 1260 1392 1325 1456; x_wconf 84' lang='lat' dir='ltr'><strong>aive</strong></span> 
     </span>
     <span class='ocr_line' id='line_1_7' title="bbox 310 1509 1326 1622; baseline -0.032 -17"><span class='ocrx_word' id='word_1_36' title='bbox 310 1550 346 1605; x_wconf 85' lang='lat' dir='ltr'><strong>ut</strong></span> <span class='ocrx_word' id='word_1_37' title='bbox 380 1561 433 1603; x_wconf 91' lang='lat' dir='ltr'><strong>eae</strong></span> <span class='ocrx_word' id='word_1_38' title='bbox 467 1536 528 1622; x_wconf 86' lang='lat' dir='ltr'><strong>ipei</strong></span> <span class='ocrx_word' id='word_1_39' title='bbox 560 1530 778 1616; x_wconf 80' lang='lat' dir='ltr'><strong>Xenophonti,</strong></span> <span class='ocrx_word' id='word_1_40' title='bbox 813 1527 877 1590; x_wconf 81' lang='lat' dir='ltr'><strong>eive</strong></span> <span class='ocrx_word' id='word_1_41' title='bbox 910 1532 947 1589; x_wconf 82' lang='lat' dir='ltr'><strong>nt</strong></span> <span class='ocrx_word' id='word_1_42' title='bbox 981 1520 1049 1585; x_wconf 90' lang='lat' dir='ltr'><strong>aliie</strong></span> <span class='ocrx_word' id='word_1_43' title='bbox 1084 1539 1121 1581; x_wconf 83' lang='lat' dir='ltr'><strong>ex</strong></span> <span class='ocrx_word' id='word_1_44' title='bbox 1152 1516 1217 1600; x_wconf 85' lang='lat' dir='ltr'><strong>ejne</strong></span> <span class='ocrx_word' id='word_1_45' title='bbox 1240 1509 1326 1574; x_wconf 85' lang='lat' dir='ltr'><strong>tribu</strong></span> 
     </span>
     <span class='ocr_line' id='line_1_8' title="bbox 311 1632 1325 1739; baseline -0.034 -18"><span class='ocrx_word' id='word_1_46' title='bbox 311 1656 507 1739; x_wconf 79' lang='lat' dir='ltr'><strong>contingant:</strong></span> <span class='ocrx_word' id='word_1_47' title='bbox 540 1672 647 1715; x_wconf 87' lang='lat' dir='ltr'><strong>verum</strong></span> <span class='ocrx_word' id='word_1_48' title='bbox 676 1670 745 1725; x_wconf 88' lang='lat' dir='ltr'><strong>eae,</strong></span> <span class='ocrx_word' id='word_1_49' title='bbox 777 1642 916 1730; x_wconf 83' lang='lat' dir='ltr'><strong>quamvis</strong></span> <span class='ocrx_word' id='word_1_50' title='bbox 949 1644 1067 1723; x_wconf 77' lang='lat' dir='ltr'><strong>speret,</strong></span> <span class='ocrx_word' id='word_1_51' title='bbox 1101 1632 1236 1697; x_wconf 85' lang='lat' dir='ltr'><strong>Deorum</strong></span> <span class='ocrx_word' id='word_1_52' title='bbox 1259 1647 1325 1712; x_wconf 87' lang='lat' dir='ltr'><strong>per·</strong></span> 
     </span>
     <span class='ocr_line' id='line_1_9' title="bbox 313 1744 1325 1857; baseline -0.031 -19"><span class='ocrx_word' id='word_1_53' title='bbox 313 1773 408 1838; x_wconf 72' lang='lat' dir='ltr'><strong>mittit</strong></span> <span class='ocrx_word' id='word_1_54' title='bbox 448 1770 613 1857; x_wconf 83' lang='lat' dir='ltr'><strong>potentiae.</strong></span> <span class='ocrx_word' id='word_1_55' title='bbox 656 1764 746 1830; x_wconf 80' lang='lat' dir='ltr'><strong>Geni.</strong></span> <span class='ocrx_word' id='word_1_56' title='bbox 785 1756 998 1845; x_wconf 68' lang='lat' dir='ltr'><strong>Nigelebaoh‚</strong></span> <span class='ocrx_word' id='word_1_57' title='bbox 1033 1744 1325 1819; x_wconf 87' lang='lat' dir='ltr'><strong>NaehHemerieohe</strong></span> 
     </span>
     <span class='ocr_line' id='line_1_10' title="bbox 312 1888 1298 1975; baseline -0.018 -20"><span class='ocrx_word' id='word_1_58' title='bbox 312 1890 495 1975; x_wconf 81' lang='lat' dir='ltr'><strong>Theologie,</strong></span> <span class='ocrx_word' id='word_1_59' title='bbox 519 1910 550 1973; x_wconf 90' lang='lat' dir='ltr'><strong>p.</strong></span> <span class='ocrx_word' id='word_1_60' title='bbox 576 1888 652 1949; x_wconf 71' lang='lat'><strong>224.</strong></span> <span class='ocrx_word' id='word_1_61' title='bbox 726 1911 734 1922; x_wconf 92' lang='lat'><strong>·</strong></span> <span class='ocrx_word' id='word_1_62' title='bbox 1296 1891 1298 1893; x_wconf 85' lang='grc'><em>·</em></span> 
     </span>
    </p>

    <p class='ocr_par' dir='ltr' id='par_1_4' title="bbox 313 1978 1327 2306">
     <span class='ocr_line' id='line_1_11' title="bbox 361 1978 1326 2081; baseline -0.032 -10"><span class='ocrx_word' id='word_1_63' title='bbox 361 2010 434 2070; x_wconf 77' lang='lat'><strong>148.</strong></span> <span class='ocrx_word' id='word_1_64' title='bbox 468 2007 579 2080; x_wconf 65' lang='lat' dir='ltr'><strong>aetem</strong></span> <span class='ocrx_word' id='word_1_65' title='bbox 608 2002 763 2081; x_wconf 62' lang='lat' dir='ltr'><strong>geilimer.</strong></span> <span class='ocrx_word' id='word_1_66' title='bbox 810 1996 949 2060; x_wconf 80' lang='lat' dir='ltr'><strong>Fortuna</strong></span> <span class='ocrx_word' id='word_1_67' title='bbox 971 1989 1090 2075; x_wconf 81' lang='lat' dir='ltr'><strong>gentis,</strong></span> <span class='ocrx_word' id='word_1_68' title='bbox 1113 1983 1199 2071; x_wconf 80' lang='lat' dir='ltr'><strong>genti</strong></span> <span class='ocrx_word' id='word_1_69' title='bbox 1222 1978 1326 2065; x_wconf 87' lang='lat' dir='ltr'><strong>propi·</strong></span> 
     </span>
     <span class='ocr_line' id='line_1_12' title="bbox 313 2098 1327 2197; baseline -0.023 -8"><span class='ocrx_word' id='word_1_70' title='bbox 313 2126 368 2189; x_wconf 83' lang='lat' dir='ltr'><strong>tia.</strong></span> <span class='ocrx_word' id='word_1_71' title='bbox 399 2122 447 2187; x_wconf 80' lang='lat' dir='ltr'><strong>of.</strong></span> <span class='ocrx_word' id='word_1_72' title='bbox 479 2144 524 2185; x_wconf 84' lang='lat' dir='ltr'><strong>va.</strong></span> <span class='ocrx_word' id='word_1_73' title='bbox 555 2124 609 2184; x_wconf 79' lang='lat'><strong>88.</strong></span> <span class='ocrx_word' id='word_1_74' title='bbox 656 2114 809 2183; x_wconf 77' lang='lat' dir='ltr'><strong>Convenit</strong></span> <span class='ocrx_word' id='word_1_75' title='bbox 830 2105 1056 2197; x_wconf 87' lang='lat' dir='ltr'><strong>quodammodo</strong></span> <span class='ocrx_word' id='word_1_76' title='bbox 1080 2104 1147 2167; x_wconf 71' lang='grc' dir='ltr'><strong>αἰὼν</strong></span> <span class='ocrx_word' id='word_1_77' title='bbox 1169 2098 1327 2178; x_wconf 74' lang='grc' dir='ltr'><em>μόρσιμος,</em></span> 
     </span>
     <span class='ocr_line' id='line_1_13' title="bbox 315 2240 513 2306; baseline -0.015 0"><span class='ocrx_word' id='word_1_78' title='bbox 315 2241 367 2306; x_wconf 87' lang='lat' dir='ltr'><strong>Ol.</strong></span> <span class='ocrx_word' id='word_1_79' title='bbox 391 2240 435 2305; x_wconf 89' lang='lat' dir='ltr'><strong>II.</strong></span> <span class='ocrx_word' id='word_1_80' title='bbox 463 2241 513 2303; x_wconf 85' lang='grc'><strong>18.</strong></span> 
     </span>
    </p>

    <p class='ocr_par' dir='ltr' id='par_1_5' title="bbox 316 2338 1329 2679">
     <span class='ocr_line' id='line_1_14' title="bbox 364 2338 1329 2438; baseline -0.029 -13"><span class='ocrx_word' id='word_1_81' title='bbox 364 2362 438 2425; x_wconf 79' lang='lat'>148.</span> <span class='ocrx_word' id='word_1_82' title='bbox 472 2355 559 2438; x_wconf 78' lang='grc' dir='ltr'><strong><em>ἕρποι.</em></strong></span> <span class='ocrx_word' id='word_1_83' title='bbox 605 2353 694 2419; x_wconf 68' lang='lat' dir='ltr'><strong>(loni,</strong></span> <span class='ocrx_word' id='word_1_84' title='bbox 725 2349 815 2416; x_wconf 88' lang='lat' dir='ltr'><strong>Nem.</strong></span> <span class='ocrx_word' id='word_1_85' title='bbox 845 2347 892 2412; x_wconf 87' lang='lat' dir='ltr'><strong>IV</strong></span> <span class='ocrx_word' id='word_1_86' title='bbox 916 2349 957 2409; x_wconf 82' lang='lat'><strong>69</strong></span> <span class='ocrx_word' id='word_1_87' title='bbox 980 2344 1081 2424; x_wconf 78' lang='grc' dir='ltr'><em>χρόνος</em></span> <span class='ocrx_word' id='word_1_88' title='bbox 1103 2338 1194 2421; x_wconf 75' lang='grc' dir='ltr'><strong><em>ἕρπων</em></strong></span> <span class='ocrx_word' id='word_1_89' title='bbox 1216 2358 1329 2415; x_wconf 76' lang='grc' dir='ltr'><strong><em>πεπρω-</em></strong></span> 
     </span>
     <span class='ocr_line' id='line_1_15' title="bbox 316 2452 1328 2557; baseline -0.029 -13"><span class='ocrx_word' id='word_1_90' title='bbox 316 2479 409 2557; x_wconf 71' lang='grc' dir='ltr'>μέναν</span> <span class='ocrx_word' id='word_1_91' title='bbox 431 2477 555 2543; x_wconf 73' lang='grc' dir='ltr'><strong>τελέσει.</strong></span> <span class='ocrx_word' id='word_1_92' title='bbox 601 2471 736 2537; x_wconf 83' lang='lat' dir='ltr'><strong>Maxime</strong></span> <span class='ocrx_word' id='word_1_93' title='bbox 759 2490 831 2534; x_wconf 88' lang='lat' dir='ltr'><strong>vero</strong></span> <span class='ocrx_word' id='word_1_94' title='bbox 853 2464 944 2531; x_wconf 88' lang='lat' dir='ltr'><strong>Nem.</strong></span> <span class='ocrx_word' id='word_1_95' title='bbox 971 2460 1034 2525; x_wconf 82' lang='lat' dir='ltr'><strong>VII</strong></span> <span class='ocrx_word' id='word_1_96' title='bbox 1059 2462 1121 2523; x_wconf 87' lang='lat'><strong>100</strong></span> <span class='ocrx_word' id='word_1_97' title='bbox 1145 2458 1159 2525; x_wconf 82' lang='grc' dir='ltr'><em>ὂ</em></span> <span class='ocrx_word' id='word_1_98' title='bbox 1182 2456 1212 2521; x_wconf 76' lang='grc' dir='ltr'><strong>δὲ</strong></span> <span class='ocrx_word' id='word_1_99' title='bbox 1230 2452 1328 2523; x_wconf 75' lang='grc' dir='ltr'><strong><em>λοιπὸς</em></strong></span> 
     </span>
     <span class='ocr_line' id='line_1_16' title="bbox 318 2592 758 2679; baseline -0.011 -17"><span class='ocrx_word' id='word_1_100' title='bbox 318 2598 430 2679; x_wconf 77' lang='grc' dir='ltr'><strong><em>εὔφρων</em></strong></span> <span class='ocrx_word' id='word_1_101' title='bbox 453 2596 520 2661; x_wconf 75' lang='lat' dir='ltr'><strong>neri</strong></span> <span class='ocrx_word' id='word_1_102' title='bbox 543 2596 643 2677; x_wconf 78' lang='grc' dir='ltr'><strong><em>χρόνος</em></strong></span> <span class='ocrx_word' id='word_1_103' title='bbox 671 2592 758 2675; x_wconf 75' lang='grc' dir='ltr'><strong><em>ἕρποι.</em></strong></span> 
     </span>
    </p>

    <p class='ocr_par' dir='ltr' id='par_1_6' title="bbox 205 2689 1339 4569">
     <span class='ocr_line' id='line_1_17' title="bbox 367 2689 1331 2794; baseline -0.027 -13"><span class='ocrx_word' id='word_1_104' title='bbox 367 2716 441 2781; x_wconf 78' lang='lat'><strong>149.</strong></span> <span class='ocrx_word' id='word_1_105' title='bbox 476 2715 623 2794; x_wconf 72' lang='grc' dir='ltr'><strong>Ἐνυαλίῳ.</strong></span> <span class='ocrx_word' id='word_1_106' title='bbox 658 2711 843 2793; x_wconf 75' lang='lat' dir='ltr'><strong>Quaeritur,</strong></span> <span class='ocrx_word' id='word_1_107' title='bbox 867 2710 1097 2794; x_wconf 76' lang='lat' dir='ltr'><strong>quarepraeter</strong></span> <span class='ocrx_word' id='word_1_108' title='bbox 1110 2698 1218 2764; x_wconf 78' lang='lat' dir='ltr'><strong>Iovem</strong></span> <span class='ocrx_word' id='word_1_109' title='bbox 1234 2689 1331 2759; x_wconf 80' lang='lat' dir='ltr'><strong>Marti</strong></span> 
     </span>
     <span class='ocr_line' id='line_1_18' title="bbox 319 2811 1331 2921; baseline -0.03 -19"><span class='ocrx_word' id='word_1_110' title='bbox 319 2836 514 2921; x_wconf 73' lang='lat' dir='ltr'><strong>potissimum</strong></span> <span class='ocrx_word' id='word_1_111' title='bbox 554 2834 675 2899; x_wconf 80' lang='lat' dir='ltr'><strong>futurae</strong></span> <span class='ocrx_word' id='word_1_112' title='bbox 716 2826 983 2915; x_wconf 81' lang='lat' dir='ltr'><strong>Oligaethidarurn</strong></span> <span class='ocrx_word' id='word_1_113' title='bbox 1021 2818 1128 2885; x_wconf 79' lang='lat' dir='ltr'><strong>landes</strong></span> <span class='ocrx_word' id='word_1_114' title='bbox 1164 2811 1331 2900; x_wconf 76' lang='lat' dir='ltr'><strong>permittat.</strong></span> 
     </span>
     <span class='ocr_line' id='line_1_19' title="bbox 320 2933 1331 3029; baseline -0.023 -11"><span class='ocrx_word' id='word_1_115' title='bbox 320 2954 508 3019; x_wconf 73' lang='lat' dir='ltr'><strong>scholiastae</strong></span> <span class='ocrx_word' id='word_1_116' title='bbox 531 2952 654 3029; x_wconf 79' lang='lat' dir='ltr'><strong>dieunt,</strong></span> <span class='ocrx_word' id='word_1_117' title='bbox 678 2951 727 3016; x_wconf 82' lang='lat' dir='ltr'><strong>rel</strong></span> <span class='ocrx_word' id='word_1_118' title='bbox 748 2950 880 3015; x_wconf 83' lang='lat' dir='ltr'><strong>Martem</strong></span> <span class='ocrx_word' id='word_1_119' title='bbox 904 2946 1043 3010; x_wconf 71' lang='lat' dir='ltr'><strong>habitum</strong></span> <span class='ocrx_word' id='word_1_120' title='bbox 1059 2940 1154 3005; x_wconf 83' lang='lat' dir='ltr'><strong>fuisse</strong></span> <span class='ocrx_word' id='word_1_121' title='bbox 1169 2933 1331 3021; x_wconf 75' lang='lat' dir='ltr'><strong>Olympiae</strong></span> 
     </span>
     <span class='ocr_line' id='line_1_20' title="bbox 205 3052 1333 3171; baseline -0.024 -29"><span class='ocrx_word' id='word_1_122' title='bbox 205 3108 211 3116; x_wconf 91' lang='lat'><strong>·</strong></span> <span class='ocrx_word' id='word_1_123' title='bbox 321 3071 472 3160; x_wconf 88' lang='lat' dir='ltr'><strong>regendae</strong></span> <span class='ocrx_word' id='word_1_124' title='bbox 502 3072 637 3150; x_wconf 78' lang='lat' dir='ltr'><strong>socium,</strong></span> <span class='ocrx_word' id='word_1_125' title='bbox 661 3070 736 3156; x_wconf 88' lang='lat' dir='ltr'><strong>qnia</strong></span> <span class='ocrx_word' id='word_1_126' title='bbox 758 3066 977 3171; x_wconf 25' lang='lat' dir='ltr'><strong>patertlnieeet</strong></span> <span class='ocrx_word' id='word_1_127' title='bbox 999 3058 1170 3139; x_wconf 77' lang='lat' dir='ltr'><strong>Oenomai,</strong></span> <span class='ocrx_word' id='word_1_128' title='bbox 1194 3052 1333 3120; x_wconf 78' lang='grc'><strong>011181·-</strong></span> 
     </span>
     <span class='ocr_line' id='line_1_21' title="bbox 322 3169 1332 3277; baseline -0.024 -21"><span class='ocrx_word' id='word_1_129' title='bbox 322 3191 396 3277; x_wconf 85' lang='lat' dir='ltr'><strong>pina</strong></span> <span class='ocrx_word' id='word_1_130' title='bbox 419 3192 515 3277; x_wconf 75' lang='lat' dir='ltr'><strong>Asopi</strong></span> <span class='ocrx_word' id='word_1_131' title='bbox 537 3191 601 3256; x_wconf 85' lang='lat' dir='ltr'><strong>filia</strong></span> <span class='ocrx_word' id='word_1_132' title='bbox 623 3187 789 3275; x_wconf 78' lang='lat' dir='ltr'><strong>proereali:</strong></span> <span class='ocrx_word' id='word_1_133' title='bbox 814 3180 1120 3269; x_wconf 81' lang='lat' dir='ltr'><strong>velXenephontem</strong></span> <span class='ocrx_word' id='word_1_134' title='bbox 1134 3194 1198 3240; x_wconf 89' lang='lat' dir='ltr'><strong>non</strong></span> <span class='ocrx_word' id='word_1_135' title='bbox 1215 3169 1332 3237; x_wconf 84' lang='lat' dir='ltr'><strong>ludicra</strong></span> 
     </span>
     <span class='ocr_line' id='line_1_22' title="bbox 321 3295 1333 3381; baseline -0.019 -7"><span class='ocrx_word' id='word_1_136' title='bbox 321 3318 443 3375; x_wconf 79' lang='lat' dir='ltr'><strong>lantum</strong></span> <span class='ocrx_word' id='word_1_137' title='bbox 475 3333 579 3375; x_wconf 82' lang='lat' dir='ltr'><strong>verum</strong></span> <span class='ocrx_word' id='word_1_138' title='bbox 610 3310 703 3375; x_wconf 80' lang='lat' dir='ltr'><strong>etiam</strong></span> <span class='ocrx_word' id='word_1_139' title='bbox 734 3307 859 3373; x_wconf 82' lang='lat' dir='ltr'><strong>militari</strong></span> <span class='ocrx_word' id='word_1_140' title='bbox 890 3305 982 3370; x_wconf 89' lang='lat' dir='ltr'><strong>lande</strong></span> <span class='ocrx_word' id='word_1_141' title='bbox 1004 3302 1099 3367; x_wconf 74' lang='lat' dir='ltr'><strong>iniere</strong></span> <span class='ocrx_word' id='word_1_142' title='bbox 1121 3295 1333 3381; x_wconf 85' lang='lat' dir='ltr'><strong>eonapionum.</strong></span> 
     </span>
     <span class='ocr_line' id='line_1_23' title="bbox 323 3420 1336 3514; baseline -0.016 -20"><span class='ocrx_word' id='word_1_143' title='bbox 323 3428 388 3514; x_wconf 77' lang='lat' dir='ltr'><strong>Alii</strong></span> <span class='ocrx_word' id='word_1_144' title='bbox 406 3428 538 3493; x_wconf 83' lang='lat' dir='ltr'><strong>Martem</strong></span> <span class='ocrx_word' id='word_1_145' title='bbox 554 3427 723 3493; x_wconf 83' lang='lat' dir='ltr'><strong>Corinthiis</strong></span> <span class='ocrx_word' id='word_1_146' title='bbox 738 3426 906 3514; x_wconf 78' lang='lat' dir='ltr'><strong>impensius</strong></span> <span class='ocrx_word' id='word_1_147' title='bbox 921 3423 1063 3510; x_wconf 77' lang='lat' dir='ltr'><strong>religioni</strong></span> <span class='ocrx_word' id='word_1_148' title='bbox 1079 3420 1189 3485; x_wconf 80' lang='lat' dir='ltr'><strong>fnisse:</strong></span> <span class='ocrx_word' id='word_1_149' title='bbox 1207 3424 1336 3502; x_wconf 67' lang='grc'><strong>010100-</strong></span> 
     </span>
     <span class='ocr_line' id='line_1_24' title="bbox 323 3537 1335 3631; baseline -0.01 -19"><span class='ocrx_word' id='word_1_150' title='bbox 323 3552 406 3612; x_wconf 79' lang='lat' dir='ltr'><strong>terea</strong></span> <span class='ocrx_word' id='word_1_151' title='bbox 437 3547 527 3612; x_wconf 90' lang='lat' dir='ltr'><strong>illum</strong></span> <span class='ocrx_word' id='word_1_152' title='bbox 558 3546 591 3611; x_wconf 89' lang='lat' dir='ltr'><strong>in</strong></span> <span class='ocrx_word' id='word_1_153' title='bbox 613 3568 683 3610; x_wconf 86' lang='lat' dir='ltr'><strong>area</strong></span> <span class='ocrx_word' id='word_1_154' title='bbox 705 3544 830 3631; x_wconf 82' lang='lat' dir='ltr'><strong>Gypeeli</strong></span> <span class='ocrx_word' id='word_1_155' title='bbox 853 3546 947 3611; x_wconf 77' lang='lat' dir='ltr'><strong>fnisse</strong></span> <span class='ocrx_word' id='word_1_156' title='bbox 971 3544 1125 3631; x_wconf 72' lang='lat' dir='ltr'><strong>positum,</strong></span> <span class='ocrx_word' id='word_1_157' title='bbox 1155 3537 1335 3626; x_wconf 81' lang='lat' dir='ltr'><strong>cognomine</strong></span> 
     </span>
     <span class='ocr_line' id='line_1_25' title="bbox 324 3660 1335 3748; baseline -0.01 -17"><span class='ocrx_word' id='word_1_158' title='bbox 324 3662 505 3748; x_wconf 81' lang='lat' dir='ltr'><strong>Enyalium:</strong></span> <span class='ocrx_word' id='word_1_159' title='bbox 529 3663 622 3727; x_wconf 80' lang='lat' dir='ltr'><strong>Pena.</strong></span> <span class='ocrx_word' id='word_1_160' title='bbox 647 3661 684 3726; x_wconf 81' lang='lat' dir='ltr'><strong>L.</strong></span> <span class='ocrx_word' id='word_1_161' title='bbox 708 3662 747 3727; x_wconf 83' lang='lat' dir='ltr'><strong>V.</strong></span> <span class='ocrx_word' id='word_1_162' title='bbox 772 3661 807 3728; x_wconf 88' lang='lat' dir='ltr'><strong>G.</strong></span> <span class='ocrx_word' id='word_1_163' title='bbox 833 3660 948 3726; x_wconf 83' lang='lat' dir='ltr'><strong>XVIII</strong></span> <span class='ocrx_word' id='word_1_164' title='bbox 974 3665 1001 3728; x_wconf 93' lang='lat' dir='ltr'><strong>l.</strong></span> <span class='ocrx_word' id='word_1_165' title='bbox 1036 3660 1150 3726; x_wconf 81' lang='lat' dir='ltr'><strong>Verum</strong></span> <span class='ocrx_word' id='word_1_166' title='bbox 1166 3661 1199 3724; x_wconf 88' lang='lat' dir='ltr'><strong>in</strong></span> <span class='ocrx_word' id='word_1_167' title='bbox 1215 3682 1251 3723; x_wconf 87' lang='lat' dir='ltr'><strong>ea</strong></span> <span class='ocrx_word' id='word_1_168' title='bbox 1266 3678 1335 3722; x_wconf 85' lang='lat' dir='ltr'><strong>area</strong></span> 
     </span>
     <span class='ocr_line' id='line_1_26' title="bbox 324 3778 1334 3867; baseline -0.006 -22"><span class='ocrx_word' id='word_1_169' title='bbox 324 3790 429 3867; x_wconf 72' lang='grc'><strong>18111118</strong></span> <span class='ocrx_word' id='word_1_170' title='bbox 452 3782 513 3845; x_wconf 81' lang='lat' dir='ltr'><strong>luit</strong></span> <span class='ocrx_word' id='word_1_171' title='bbox 534 3780 704 3865; x_wconf 78' lang='lat' dir='ltr'><strong>imaginum</strong></span> <span class='ocrx_word' id='word_1_172' title='bbox 725 3802 891 3857; x_wconf 88' lang='lat' dir='ltr'><strong>nnmerne,</strong></span> <span class='ocrx_word' id='word_1_173' title='bbox 915 3788 952 3844; x_wconf 80' lang='lat' dir='ltr'><strong>ut</strong></span> <span class='ocrx_word' id='word_1_174' title='bbox 974 3780 1005 3844; x_wconf 93' lang='lat' dir='ltr'><strong>in</strong></span> <span class='ocrx_word' id='word_1_175' title='bbox 1029 3779 1084 3844; x_wconf 92' lang='lat' dir='ltr'><strong>illo</strong></span> <span class='ocrx_word' id='word_1_176' title='bbox 1100 3800 1227 3844; x_wconf 90' lang='lat' dir='ltr'><strong>numero</strong></span> <span class='ocrx_word' id='word_1_177' title='bbox 1243 3778 1334 3842; x_wconf 77' lang='lat' dir='ltr'><strong>etiarn</strong></span> 
     </span>
     <span class='ocr_line' id='line_1_27' title="bbox 323 3893 1336 3984; baseline -0.003 -21"><span class='ocrx_word' id='word_1_178' title='bbox 323 3898 454 3963; x_wconf 77' lang='lat' dir='ltr'><strong>Martem</strong></span> <span class='ocrx_word' id='word_1_179' title='bbox 490 3898 600 3963; x_wconf 80' lang='lat' dir='ltr'><strong>iniseae</strong></span> <span class='ocrx_word' id='word_1_180' title='bbox 632 3897 717 3963; x_wconf 85' lang='lat' dir='ltr'><strong>hand</strong></span> <span class='ocrx_word' id='word_1_181' title='bbox 752 3893 939 3983; x_wconf 76' lang='lat' dir='ltr'><strong>singularem</strong></span> <span class='ocrx_word' id='word_1_182' title='bbox 970 3899 1035 3984; x_wconf 82' lang='lat' dir='ltr'><strong>ejus</strong></span> <span class='ocrx_word' id='word_1_183' title='bbox 1072 3898 1130 3962; x_wconf 91' lang='lat' dir='ltr'><strong>Dei</strong></span> <span class='ocrx_word' id='word_1_184' title='bbox 1156 3897 1336 3983; x_wconf 87' lang='lat' dir='ltr'><strong>religionem</strong></span> 
     </span>
     <span class='ocr_line' id='line_1_28' title="bbox 323 4014 1336 4100; baseline -0.004 -21"><span class='ocrx_word' id='word_1_185' title='bbox 323 4014 417 4079; x_wconf 78' lang='lat' dir='ltr'><strong>fuisse</strong></span> <span class='ocrx_word' id='word_1_186' title='bbox 440 4016 601 4099; x_wconf 76' lang='lat' dir='ltr'><strong>signifieat.</strong></span> <span class='ocrx_word' id='word_1_187' title='bbox 647 4014 728 4080; x_wconf 80' lang='lat' dir='ltr'><strong>Mihi</strong></span> <span class='ocrx_word' id='word_1_188' title='bbox 751 4014 876 4100; x_wconf 87' lang='lat' dir='ltr'><strong>quidem</strong></span> <span class='ocrx_word' id='word_1_189' title='bbox 898 4023 982 4080; x_wconf 80' lang='lat' dir='ltr'><strong>certa</strong></span> <span class='ocrx_word' id='word_1_190' title='bbox 1004 4016 1082 4080; x_wconf 81' lang='lat' dir='ltr'><strong>ratio</strong></span> <span class='ocrx_word' id='word_1_191' title='bbox 1105 4038 1166 4079; x_wconf 90' lang='lat' dir='ltr'><strong>non</strong></span> <span class='ocrx_word' id='word_1_192' title='bbox 1190 4022 1336 4100; x_wconf 80' lang='lat' dir='ltr'><strong>apparet:</strong></span> 
     </span>
     <span class='ocr_line' id='line_1_29' title="bbox 324 4130 1338 4216; baseline -0.001 -22"><span class='ocrx_word' id='word_1_193' title='bbox 324 4131 378 4195; x_wconf 84' lang='lat' dir='ltr'><strong>eetl</strong></span> <span class='ocrx_word' id='word_1_194' title='bbox 405 4139 506 4195; x_wconf 81' lang='lat' dir='ltr'><strong>lamen</strong></span> <span class='ocrx_word' id='word_1_195' title='bbox 534 4153 640 4194; x_wconf 90' lang='lat' dir='ltr'><strong>eornm</strong></span> <span class='ocrx_word' id='word_1_196' title='bbox 667 4131 821 4195; x_wconf 80' lang='lat' dir='ltr'><strong>sententia</strong></span> <span class='ocrx_word' id='word_1_197' title='bbox 849 4130 926 4195; x_wconf 89' lang='lat' dir='ltr'><strong>mihi</strong></span> <span class='ocrx_word' id='word_1_198' title='bbox 948 4132 1078 4196; x_wconf 84' lang='lat' dir='ltr'><strong>maxime</strong></span> <span class='ocrx_word' id='word_1_199' title='bbox 1105 4131 1272 4216; x_wconf 85' lang='lat' dir='ltr'><strong>probabilis</strong></span> <span class='ocrx_word' id='word_1_200' title='bbox 1296 4131 1338 4194; x_wconf 89' lang='lat' dir='ltr'><strong>vi·</strong></span> 
     </span>
     <span class='ocr_line' id='line_1_30' title="bbox 324 4248 1339 4334; baseline -0.001 -21"><span class='ocrx_word' id='word_1_201' title='bbox 324 4248 433 4327; x_wconf 76' lang='lat' dir='ltr'><strong>detur,</strong></span> <span class='ocrx_word' id='word_1_202' title='bbox 466 4250 520 4333; x_wconf 84' lang='lat' dir='ltr'><strong>qni</strong></span> <span class='ocrx_word' id='word_1_203' title='bbox 550 4248 589 4313; x_wconf 92' lang='lat' dir='ltr'><strong>ab</strong></span> <span class='ocrx_word' id='word_1_204' title='bbox 620 4248 826 4333; x_wconf 85' lang='lat' dir='ltr'><strong>Oligaethidie</strong></span> <span class='ocrx_word' id='word_1_205' title='bbox 850 4249 981 4314; x_wconf 81' lang='lat' dir='ltr'><strong>Martem</strong></span> <span class='ocrx_word' id='word_1_206' title='bbox 1005 4252 1141 4334; x_wconf 82' lang='lat' dir='ltr'><strong>impensa</strong></span> <span class='ocrx_word' id='word_1_207' title='bbox 1172 4270 1246 4313; x_wconf 88' lang='grc'><strong>01118</strong></span> <span class='ocrx_word' id='word_1_208' title='bbox 1269 4248 1339 4313; x_wconf 88' lang='lat' dir='ltr'><strong>ado-</strong></span> 
     </span>
     <span class='ocr_line' id='line_1_31' title="bbox 324 4366 1337 4452; baseline -0.002 -21"><span class='ocrx_word' id='word_1_209' title='bbox 324 4375 425 4431; x_wconf 80' lang='lat' dir='ltr'><strong>ratum</strong></span> <span class='ocrx_word' id='word_1_210' title='bbox 459 4367 553 4432; x_wconf 82' lang='grc'><strong>1111880</strong></span> <span class='ocrx_word' id='word_1_211' title='bbox 587 4366 792 4431; x_wconf 79' lang='lat' dir='ltr'><strong>arbitrantur:</strong></span> <span class='ocrx_word' id='word_1_212' title='bbox 828 4390 898 4431; x_wconf 90' lang='lat' dir='ltr'><strong>nam</strong></span> <span class='ocrx_word' id='word_1_213' title='bbox 933 4367 981 4430; x_wconf 89' lang='lat' dir='ltr'><strong>hia</strong></span> <span class='ocrx_word' id='word_1_214' title='bbox 1014 4367 1207 4452; x_wconf 77' lang='lat' dir='ltr'><strong>potissimum</strong></span> <span class='ocrx_word' id='word_1_215' title='bbox 1232 4366 1337 4431; x_wconf 87' lang='lat' dir='ltr'><strong>landes</strong></span> 
     </span>
     <span class='ocr_line' id='line_1_32' title="bbox 324 4484 1219 4569; baseline -0.001 -20"><span class='ocrx_word' id='word_1_216' title='bbox 324 4484 420 4549; x_wconf 79' lang='lat' dir='ltr'><strong>Poeta</strong></span> <span class='ocrx_word' id='word_1_217' title='bbox 441 4492 545 4569; x_wconf 83' lang='lat' dir='ltr'><strong>optet,</strong></span> <span class='ocrx_word' id='word_1_218' title='bbox 568 4493 601 4549; x_wconf 81' lang='lat' dir='ltr'><strong>et</strong></span> <span class='ocrx_word' id='word_1_219' title='bbox 624 4489 773 4549; x_wconf 72' lang='lat' dir='ltr'><strong>memorat</strong></span> <span class='ocrx_word' id='word_1_220' title='bbox 796 4506 901 4549; x_wconf 89' lang='lat' dir='ltr'><strong>eornm</strong></span> <span class='ocrx_word' id='word_1_221' title='bbox 924 4484 1049 4563; x_wconf 70' lang='grc' dir='ltr'><strong>δαίμονα</strong></span> <span class='ocrx_word' id='word_1_222' title='bbox 1072 4484 1219 4561; x_wconf 71' lang='grc' dir='ltr'><em>γενέθλιον.</em></span> 
     </span>
    </p>
   </div>
   <div class='ocr_carea' id='block_1_3' title="bbox 0 0 1898 5542">
    <p class='ocr_par' dir='ltr' id='par_1_7' title="bbox 0 0 1898 5542">
     <span class='ocr_line' id='line_1_33' title="bbox 0 0 1898 5542; baseline 0 0"><span class='ocrx_word' id='word_1_223' title='bbox 0 0 1898 5542; x_wconf 95' lang='lat' dir='ltr'><strong> </strong></span> 
     </span>
    </p>
   </div>
  </div>
 </body>
</html>
