3725 5542
834 738 874 798 89

351 947 424 1004 rumt
454 939 542 1002 etiam
572 937 648 1002 aliae
672 939 808 1022 regiones
831 937 913 1002 orbis
936 937 1045 1002 Graeci
1068 937 1197 1020 antiqui.
1243 935 1357 998 Eorum

349 1057 602 1144 philosophorum
633 1056 716 1121 luere
746 1055 828 1120 haud
859 1057 966 1142 pauci,
997 1057 1049 1142 qui
1077 1055 1246 1120 doctrinam
1273 1076 1356 1118 suam

350 1176 487 1241 versibus
517 1185 738 1261 exposuerunt:
770 1173 868 1240 multa
895 1176 1078 1240 exstiterunt
1100 1181 1256 1260 poemata,
1279 1196 1358 1257 quse

350 1295 508 1381 inscripta·
532 1303 605 1358 sunt
639 1294 702 1375 arpi
735 1295 867 1376 φύσεως,
898 1297 936 1358 de
965 1299 1091 1374 aalma,
1122 1294 1184 1358 sive
1215 1292 1253 1357 ab
1283 1293 1358 1378 ipsis

349 1413 525 1478 auctoribus
548 1435 584 1478 eo
607 1411 698 1478 titulo
721 1411 834 1490 indito,
858 1411 922 1477 sive
946 1420 1069 1498 propter
1091 1419 1303 1497 argumentum
1319 1410 1357 1476 ab

349 1531 419 1598 aliis
449 1531 562 1596 addito.
610 1531 786 1597 Doctrinam
817 1540 848 1596 et
879 1533 1052 1617 argumenti
1083 1532 1156 1596 certi
1184 1531 1358 1596 habuerunt

349 1651 599 1736 explicationem:
624 1673 720 1736 genus
743 1650 774 1714 id
797 1650 982 1715 didacticum
1006 1651 1115 1715 merito
1138 1659 1277 1715 vocatum
1300 1659 1355 1716 est.

350 1768 448 1854 Cujus
478 1771 627 1834 rationem
657 1770 809 1854 propriam
833 1791 903 1833 oum
925 1769 1059 1833 Pindaro
1082 1769 1213 1834 breviter
1235 1791 1354 1854 eompa-

350 1911 431 1952 rasse
454 1887 538 1952 haud
561 1887 744 1973 poenitebit:
768 1909 954 1973 quamquam
977 1887 1142 1952 dolendum
1164 1886 1358 1952 vehementer

349 2011 414 2084 est,
438 2006 652 2091 plerorumque
675 2027 736 2070 non
760 2005 818 2070 nisi
838 2005 1008 2091 fragmenta
1022 2006 1060 2070 ad
1077 2013 1211 2071 nostram
1227 2013 1356 2071 aetatem

350 2126 531 2212 pervenisse.
574 2123 669 2190 Velut
703 2125 792 2190 etiam
828 2124 1027 2211 Xenophanis
1060 2147 1123 2190 non
1157 2126 1216 2190 nisi
1246 2146 1358 2210 paneas

349 2243 687 2329 habemus'reliqnias:
720 2251 751 2308 et
780 2251 881 2309 tumen
913 2243 1013 2321 huno,
1045 2243 1298 2330 quemadmodum
1326 2245 1358 2308 in

348 2362 500 2449 gnominis
535 2363 659 2427 lecimus
693 2370 729 2427 nt
762 2385 857 2428 unum
894 2385 948 2448 pro
983 2363 1120 2449 exemplo
1154 2385 1359 2441 sumeremus,

350 2482 544 2568 potissimum
575 2505 644 2546 oum
667 2481 801 2548 Pindaro
824 2505 998 2568 comparare
1017 2483 1120 2568 juvat,
1144 2505 1213 2546 eum
1236 2490 1359 2568 propter

350 2609 532 2666 vetustatem
563 2603 628 2689 ejus
658 2609 725 2664 tum
757 2600 847 2666 etiam
879 2602 1108 2679 auctoritatem,
1137 2602 1264 2666 maxime
1288 2623 1357 2666 vero

349 2721 422 2807 qnia
445 2721 510 2806 ejus
531 2721 682 2786 sententia
698 2721 833 2798 exstitit,
851 2743 928 2806 quse
944 2721 1043 2785 simile
1058 2720 1357 2806 quoddamPindaro

348 2839 542 2926 propositum
564 2839 716 2904 habuerit.

395 2959 517 3024 Etenim
539 2959 709 3046 appellatus
727 2966 774 3024 est
789 2958 993 3045 Xenophanes
1008 2957 1200 3038 dnnpaerrlrnr
1215 2959 1359 3024 ἐπισκώπ-

347 3103 418 3158 rnc,
444 3081 672 3146 Homniamsmi
688 3083 907 3146 mendaciorum
922 3084 1052 3144 r’rrraor:
1067 3085 1149 3143 certe
1163 3077 1359 3163 reprehendit

349 3197 476 3264 Homeri
499 3199 537 3264 de
560 3199 628 3264 Diis
651 3197 787 3277 fabulas,
811 3197 904 3284 idque
923 3198 1125 3262 eearminum
1141 3202 1206 3283 ejus
1222 3197 1358 3283 reliquiis

348 3318 565 3404 intelligimus:
598 3318 698 3383 velut:
731 3319 856 3396 „omnia
884 3319 951 3382 Diis
974 3317 1182 3383 attribuerunt
1205 3317 1358 3382 Homerus

347 3445 379 3504 et
410 3437 576 3515 Hesiodus,
604 3459 803 3525 quaeeunque
827 3438 865 3502 ab
888 3437 1065 3502 hominibus
1088 3438 1232 3524 probrum
1255 3444 1288 3501 et
1310 3438 1359 3502 de·

347 3558 439 3624 decus
464 3557 633 3634 habentur,
658 3558 752 3622 furari
776 3558 856 3624 inter
879 3581 928 3634 se,
950 3557 1134 3635 adulterari,
1150 3556 1319 3621 fraudare.''
1334 3558 1356 3642 ¹)

347 3675 463 3742 Verum
486 3677 633 3762 prooessit
655 3676 746 3740 etiam
769 3675 909 3760 longius,
931 3698 987 3740 nee
1002 3675 1102 3740 solum
1118 3675 1252 3740 humana
1266 3677 1356 3754 vitia,

345 3817 451 3860 venum
481 3795 573 3860 etiam
604 3817 725 3860 omnem
756 3795 920 3860 humanam
951 3803 1091 3860 natruam
1121 3796 1308 3880 formamque
1340 3819 1358 3860 a

345 3915 450 3980 divina
473 3921 582 3980 natura
604 3915 754 4001 sejunxit:
779 3923 834 3994 „st
850 3915 992 3981 mortales
1008 3918 1174 4002 opinantur
1189 3924 1277 3981 natos
1293 3941 1358 3982 esse

346 4035 444 4114 Deos,
476 4034 658 4120 mortalique
686 4033 794 4099 habitu
817 4042 848 4099 et
864 4037 962 4100 forma
976 4045 1007 4100 et
1022 4037 1121 4122 ligura
1137 4035 1321 4121 praeditos.''
1334 4037 1358 4121 θ)

348 4153 441 4218 Plane
465 4175 536 4239 ergo
561 4153 740 4239 religionem
756 4177 882 4220 suornm
898 4156 1094 4242 popularium
1109 4156 1358 4241 superstitionem

345 4319 530 4331 *—

379 4442 402 4504 1)
417 4443 469 4492 Rei.
487 4443 551 4502 VII,
573 4443 640 4506 apud
657 4443 681 4491 S.
701 4443 814 4503 Karsten,
831 4443 935 4508 Xenoph.
955 4443 1022 4510 reliq.
1033 4461 1060 4508 p.
1076 4444 1116 4495 43.

377 4536 401 4598 2)
420 4537 470 4587 net.
493 4538 517 4587 7.
533 4553 560 4602 p.
579 4537 618 4588 39.
