3725 5542
1005 747 1069 807 468

842 943 993 1024 καχλάζει
1017 953 1118 1016 ιιιιιιῖς

838 1062 943 1140 'Actor
965 1061 1103 1138 ὅρι’μενιι.

529 1179 568 1242 Ει
593 1178 703 1244 similis
726 1179 912 1263 comparatio
937 1187 983 1241 est
1007 1177 1157 1241 malorum
1181 1179 1287 1256 molis,
1317 1183 1380 1244 758

684 1301 780 1359 undu
802 1295 828 1358 δ’
850 1294 945 1374 ὥσπερ
968 1297 1109 1359 θάλισσιι
1132 1295 1203 1371 κῦμ’
1226 1293 1295 1372 ἄγει

685 1410 700 1478 ὃ
723 1413 772 1476 καὶ
796 1411 860 1492 περὶ
882 1413 1017 1490 πρύμιιιι
1040 1413 1152 1483 πόλεως
1175 1413 1333 1494 καχλάζει.

528 1530 636 1616 Ipsum
659 1529 827 1594 Pindarum
846 1517 930 1592 velut
946 1537 1050 1594 monte
1066 1531 1278 1594 decurrentem
1295 1553 1415 1596 amnem
1431 1533 1545 1597 fervere

528 1649 605 1713 dicit
635 1649 800 1727 Horatius,
831 1648 868 1712 L.
901 1647 948 1711 IV
976 1647 1036 1712 Od.
1062 1647 1096 1712 II
1121 1651 1149 1713 t.
1196 1647 1264 1712 Hoc
1288 1657 1391 1713 autem
1415 1650 1483 1714 loco
1505 1651 1544 1715 de

528 1790 601 1831 voce
624 1767 727 1852 ampla
749 1776 781 1830 et
803 1789 915 1830 canora
938 1767 1062 1830 dicitur.

574 1887 605 1948 5.
640 1885 838 1960 ἁγεμονεῦσαι
876 1883 1048 1963 κωμάζοντι.
1084 1884 1116 1946 Si
1150 1883 1295 1964 κωμάζειν
1329 1884 1367 1947 de
1402 1885 1480 1948 teuta
1513 1893 1544 1949 et

528 2002 648 2065 solenni
670 2023 783 2086 pompa
805 2001 936 2078 dicitur,
961 2002 1147 2078 ἁγιμινεύειιι
1171 2001 1296 2065 hebebit
1320 2003 1472 2086 propriam
1489 2003 1545 2066 du·

528 2121 617 2185 cendi
651 2120 922 2205 significationem,
955 2119 1109 2203 quomodo
1142 2119 1196 2204 Py.
1232 2121 1246 2184 1
1277 2125 1316 2198 4,
1350 2125 1387 2198 6,
1419 2123 1543 2204 φριίμιι

531 2239 679 2303 dicuntur
707 2239 895 2318 dynalxopx,
923 2245 955 2301 et
977 2238 1113 2302 incessus
1137 2237 1251 2302 dicitur
1273 2239 1482 2323 obtemperare
1504 2241 1545 2303 ci-

531 2357 647 2420 tharae.
683 2355 799 2421 Verum
822 2355 996 2420 convivium
1020 2357 1184 2440 significari
1207 2357 1364 2420 existimo:
1389 2379 1488 2442 neque
1510 2357 1542 2420 id

531 2475 620 2538 facite
650 2477 682 2538 iu
713 2474 837 2538 Graecis
868 2483 961 2538 cantu
985 2475 1100 2536 caruit:
1126 2474 1205 2536 conf.
1230 2471 1280 2537 Ol.
1306 2473 1322 2537 I
1347 2478 1407 2552 24,
1433 2483 1464 2540 et
1486 2475 1541 2558 Py.

529 2592 583 2656 III
616 2596 690 2658 158.
736 2592 819 2677 Ergo
850 2593 910 2677 ipsi
941 2593 1045 2656 caritui
1078 2591 1190 2676 primas
1217 2594 1249 2655 iu
1274 2593 1405 2657 convivii
1428 2591 1542 2678 gaudio

531 2719 631 2795 partes
654 2710 751 2773 Poeta
773 2710 900 2788 tribuit,
924 2719 956 2772 et
979 2710 1022 2772 ita
1045 2709 1189 2792 quidem,
1214 2719 1250 2772 ut
1272 2710 1304 2773 iu
1324 2710 1403 2774 testo
1420 2719 1543 2796 propter

530 2829 687 2893 victoriam
710 2828 854 2890 instituto
877 2827 944 2911 ipsa
967 2826 1078 2910 gaudia
1097 2849 1116 2889 a
1138 2827 1272 2890 carmine
1294 2829 1357 2912 regi
1380 2827 1543 2912 praedicet.

529 2946 568 3010 Iu
599 2946 852 3029 interpretatione
883 2943 997 3006 Latina
1028 2945 1134 3029 scripsi
1166 2951 1308 3008 cautum:
1341 2945 1472 3009 scribere
1494 2945 1545 3008 de·

530 3064 656 3127 bueram
686 3063 810 3126 festum.
855 3065 982 3140 'Erxe‘pec
1010 3061 1158 3126 hocloco
1182 3085 1245 3126 nou
1268 3077 1341 3126 aunt
1364 3063 1542 3139 choreutae,

530 3191 566 3245 ut
587 3178 639 3244 Ol.
663 3179 711 3242 VI
737 3181 817 3256 145,
842 3178 896 3243 aed
919 3179 1044 3242 victoria
1068 3180 1157 3242 amici
1180 3187 1211 3242 et
1234 3181 1388 3243 oorrvivae.

576 3301 606 3360 8.
641 3296 735 3361 Nouo
767 3295 891 3381 quidem
923 3296 982 3360 hoc
1014 3297 1147 3360 carmine
1179 3319 1211 3359 se
1234 3297 1361 3361 eandem
1385 3298 1540 3362 victoriam

529 3422 708 3478 ornaturum
739 3435 805 3477 esse
827 3412 924 3477 Poeta
948 3412 1121 3498 pollicetur.
1169 3413 1330 3477 Musarum
1353 3416 1437 3478 amni
1460 3413 1544 3478 addi·

531 3540 595 3593 tum
626 3530 787 3616 epitheton
816 3529 1009 3605 ἑκαταβόλων
1035 3529 1079 3592 ita
1102 3529 1226 3612 quidem
1251 3553 1287 3594 ex
1310 3531 1369 3594 loci
1392 3532 1543 3594 sententia

528 3647 674 3732 explicari
697 3655 813 3731 potest,
838 3647 912 3731 quia
935 3645 1046 3724 Poeta,
1072 3645 1225 3711 honorans
1248 3645 1407 3731 Opuntem
1430 3657 1461 3712 et
1484 3648 1543 3710 ric·

529 3776 626 3830 torem
649 3764 842 3850 Opuntium,
866 3764 955 3828 facile
978 3773 1080 3828 tamen
1105 3766 1197 3829 etiam
1220 3766 1353 3850 attingat
1368 3763 1539 3850 Olympiam

528 3895 561 3949 et
591 3883 783 3968 Pythonem:
808 3905 913 3947 verum
939 3882 1122 3966 ecquidem
1146 3883 1284 3967 argutior
1307 3893 1338 3948 et
1360 3885 1450 3948 nimis
1473 3883 1544 3948 aub-

528 4003 592 4067 tilia
616 4001 779 4087 explicatio
801 4023 884 4066 nuuc
906 4001 985 4065 mihi
1009 4000 1148 4066 videtur:
1173 4001 1263 4066 credo
1284 4024 1346 4066 nou
1375 4003 1542 4066 sentcntiae

529 4122 701 4206 proposito,
726 4121 781 4184 aed
804 4129 925 4185 tautum
949 4127 1061 4185 ornatu
1076 4121 1196 4205 poetico
1213 4119 1272 4183 hoo
1287 4121 1331 4184 ita
1346 4119 1422 4198 dici,
1439 4141 1544 4205 quem·

528 4237 695 4303 admodum
726 4261 760 4301 vs
794 4241 834 4302 10
870 4241 932 4304 Διίι
961 4239 1231 4321 φιιιικιιτερόπιινι
1264 4237 1352 4302 Conf.
1384 4237 1542 4301 annotatio

408 4389 412 4396 ·
530 4355 569 4420 ad
592 4354 644 4421 Ol.
667 4355 734 4420 VII
756 4358 787 4421 2.

579 4476 630 4538 ll.
665 4475 821 4552 ἐπίνειμαι.
856 4473 895 4538 Se
925 4475 991 4558 ipsc
1022 4473 1213 4537 adhortatur.
1250 4471 1385 4536 Verbum
1412 4472 1544 4538 maxime
