3725 5542
826 737 867 798 83

343 941 491 1004 rationem
513 937 809 1004 commonstrandam
835 937 1025 1022 profuerunt.
1073 936 1183 1021 Neque
1197 937 1349 1001 immerito

341 1060 498 1137 Socrates,
524 1059 626 1144 legens
649 1080 720 1122 eum
736 1057 840 1122 amieis
856 1079 961 1121 eorum
977 1057 1107 1142 scripta,
1124 1057 1196 1121 inde
1211 1059 1243 1121 in
1260 1079 1349 1120 usum

339 1177 554 1255 convertebat,
587 1179 611 1240 si
641 1177 718 1262 quid
749 1175 820 1241 honi
845 1175 1093 1259 deprehenderet.
1110 1179 1133 1260 ¹)
1168 1175 1263 1240 Velut
1286 1178 1351 1261 ipse

341 1297 495 1362 Homerus
523 1296 747 1382 quamplurima
770 1295 862 1359 hahet
885 1304 1047 1380 praecept-a
1069 1295 1107 1358 de
1130 1295 1221 1360 rebus
1244 1295 1351 1360 multis

340 1417 531 1502 magnisque.
578 1413 643 1479 Nee
671 1414 734 1478 fieri
758 1421 876 1499 potest,
901 1413 978 1499 quin
1001 1414 1045 1490 is,
1069 1414 1122 1498 qui
1146 1423 1236 1498 poeta
1259 1415 1299 1477 sit
1322 1422 1352 1477 et

342 1535 452 1598 mentis
476 1533 591 1598 viribus
614 1533 778 1609 excitetur,
803 1532 873 1617 plus
897 1538 1002 1597 cernat
1024 1532 1101 1596 aliis.
1133 1532 1266 1596 Maxime
1281 1554 1352 1596 vero

342 1677 447 1718 eorum
472 1659 630 1738 poetarum
655 1652 785 1716 involuit
806 1653 992 1718 existimatio
1015 1652 1198 1737 sapientiae,
1219 1653 1273 1737 qui
1289 1653 1353 1717 bre

344 1795 393 1836 ras
424 1771 463 1836 de
489 1771 580 1836 rebus
604 1772 721 1855 magnis
745 1772 910 1836 sententias
935 1771 1147 1857 protulerunt,
1171 1772 1210 1836 de
1234 1773 1295 1835 vita
1318 1795 1353 1836 ae

341 1891 379 1954 de
403 1891 487 1954 omui
511 1889 678 1954 officiorum
702 1911 826 1974 genere,
851 1898 881 1954 et
893 1889 1038 1955 Guomioi
1054 1890 1128 1953 dieti
1145 1899 1226 1954 sunt.
1253 1892 1299 1953 Ae
1315 1890 1353 1953 de

342 2009 452 2074 horum
476 2009 593 2073 ratione
616 2031 713 2094 penca
730 2007 859 2073 seribere
875 2010 974 2074 visum
991 2018 1037 2074 est
1053 2033 1181 2095 eamque
1197 2031 1267 2073 eum
1283 2009 1353 2074 Pin·

341 2129 407 2193 dari
431 2129 580 2214 sapientia
603 2149 786 2212 comparare.

386 2246 448 2310 Sed
471 2246 580 2310 homor
604 2248 734 2332 quisque
758 2269 842 2313 suam
868 2247 1017 2312 rationem
1040 2247 1165 2312 hahuit:
1183 2247 1309 2312 luerunt
1324 2254 1355 2310 et

342 2367 393 2430 alii
420 2365 511 2442 clari,
535 2386 592 2430 nee
615 2374 716 2428 tamen
740 2365 881 2450 cuiquam
906 2387 1011 2430 eorum
1027 2365 1181 2451 Theognis
1196 2366 1355 2450 Megaren-

341 2487 384 2548 sis
412 2483 641 2571 postponendus
665 2491 720 2548 est.
767 2483 980 2571 Quapropter,
1008 2508 1104 2570 quum
1129 2485 1266 2570 singulos
1289 2507 1355 2570 per·

344 2606 433 2690 sequi
458 2627 602 2688 magnum
627 2605 668 2668 sit
686 2613 717 2668 et
732 2604 864 2670 abducat
880 2629 898 2668 a
914 2606 1085 2690 proposito,
1102 2605 1185 2669 hunc
1200 2615 1356 2691 tamquam

344 2723 472 2808 aliquod
484 2724 642 2808 gnomieae
655 2725 753 2809 poesis
766 2724 938 2808 exemplum
951 2746 1125 2800 sumamus,
1139 2747 1235 2808 eoque
1248 2725 1354 2810 magis,

346 2841 429 2927 quod
453 2843 607 2927 propriam
628 2841 720 2907 hahet
736 2841 856 2908 laudem
873 2843 1041 2928 ejusmodi,
1059 2866 1122 2929 qua
1136 2865 1206 2908 eum
1222 2843 1356 2907 Pindaro

345 2960 477 3024 conferri
506 2968 667 3026 mereatur.
713 2963 762 3026 An
792 2984 861 3026 vero
885 2962 1015 3028 nimium
1038 2961 1134 3028 distat
1156 2985 1174 3026 a
1196 2962 1358 3026 Pindarico

344 3079 522 3144 laudatione
545 3079 724 3160 Musarum,
749 3103 844 3166 quum
869 3080 954 3146 illam
974 3103 1077 3146 vocem
1094 3081 1220 3146 diriter
1236 3081 1358 3146 immor·

347 3199 461 3264 talibus
484 3198 645 3264 Musarum
670 3199 774 3264 oribus
797 3198 963 3285 prodiisse:

388 3319 452 3385 tm
482 3318 588 3396 καλὸν,
615 3319 702 3400 φίλον
726 3319 806 3383 r’rrl·
831 3319 864 3384 τὸ
886 3319 910 3383 δ’
930 3321 962 3383 οὐ
983 3304 1073 3384 madi
1095 3321 1126 3384 ui
1149 3320 1236 3395 Φίλον
1259 3317 1354 3382 ἐστίν·

347 3441 597 3525 quodpiam,
623 3461 721 3504 aarum
744 3445 803 3522 est,
827 3441 1154 3525 qwdaoapulmm,
1178 3461 1236 3502 non
1258 3460 1358 3502 coruos

345 3557 451 3623 nobis?
472 3558 497 3641 Ξ)
538 3559 603 3622 Aut
634 3565 748 3644 quanta
780 3558 928 3644 dignitate
966 3580 1099 3642 suaeque
1129 3557 1252 3622 virtutis
1289 3579 1359 3622 uou-

346 3677 475 3742 soientia
505 3685 568 3753 est,
598 3672 697 3761 'quum
725 3677 853 3762 gloriam
881 3699 1055 3761 nomenque
1078 3698 1168 3740 suum
1193 3675 1232 3740 ad
1254 3698 1358 3740 omnes

347 3796 475 3862 nunciat
504 3803 721 3881 perventurum
744 3820 827 3876 esse,
852 3797 923 3861 licet
947 3819 985 3861 ue
1007 3796 1126 3861 civibus
1149 3780 1282 3880 quidem
1296 3817 1359 3858 om·

345 3916 438 3980 nibus
463 3917 559 4001 possit
582 3916 759 4002 plaeere?⁸)
805 3917 874 3982 Hoc
897 3939 969 4006 sane
992 3917 1134 4001 congruit
1157 3914 1218 3978 illis
1234 3912 1360 3978 Pindari

346 4033 505 4120 precihus,
536 4057 632 4120 quum
664 4034 740 4100 nihil
773 4035 893 4120 quaerit
916 4036 973 4099 nisi
998 4043 1034 4099 ut
1056 4033 1162 4099 laudet
1188 4030 1359 4107 laudanda,

319 4143 561 4239 'adapertaque
586 4154 752 4232 contraria,
777 4163 807 4218 et
831 4155 868 4219 ab
892 4153 1068 4218 adulatione
1086 4153 1247 4217 abstineat.
1264 4151 1288 4234 ⁴)
1310 4149 1360 4214 Ab

385 4445 410 4508 ι)
431 4446 490 4496 ren.
509 4447 607 4498 umor.
625 4449 651 4497 1.
670 4449 693 4498 1.
709 4464 729 4498 ι.
750 4448 792 4498 11.
810 4447 849 4496 14.
949 4445 973 4506 a)
991 4444 1032 4497 11.
1047 4443 1104 4492 eus
1123 4441 1227 4492 aanor.

384 4541 409 4604 s)
427 4543 467 4591 as.
567 4546 593 4606 4)
610 4545 674 4594 nem.
696 4543 770 4592 1111.
789 4543 829 4592 as.

1202 4633 1240 4688 61
