3725 5542
986 728 1052 788 466

514 927 609 1012 idque
632 926 793 990 confirmat
814 925 954 1009 exemplo
977 924 1136 1000 Herculis,
1160 926 1215 1010 qui
1237 926 1329 990 etiam
1354 949 1412 1011 ope
1427 927 1532 994 divina

515 1045 641 1130 udjutns
664 1044 810 1108 adversus
829 1043 911 1106 Deos
927 1065 1064 1128 pugnam
1080 1044 1292 1120 sustinuisset,
1310 1047 1461 1110 43-54:
1478 1047 1531 1110 sed

515 1162 667 1236 continno
686 1184 753 1225 eam
775 1161 930 1238 fabulam,
955 1168 1063 1245 utpote
1084 1161 1209 1244 impiam
1226 1168 1257 1224 et
1272 1161 1340 1226 Diis
1355 1162 1531 1246 indiguam,

515 1280 633 1364 rejicit,
665 1281 808 1342 54—62.
856 1278 907 1342 Ad
929 1276 1088 1362 Opuntem
1112 1279 1291 1355 reuertitur,
1316 1278 1391 1343 olim
1415 1280 1533 1344 Deuca·

515 1397 608 1462 lionis
631 1405 663 1460 et
684 1395 821 1480 Pyrrhae
843 1396 947 1460 sedern
970 1405 1040 1480 post
1064 1405 1212 1462 terrarum
1234 1395 1485 1476 inundationem,
1501 1405 1535 1462 et

516 1515 555 1580 eb
570 1515 633 1578 illis
649 1514 745 1578 oleras
757 1512 968 1597 Opuntiorum
982 1535 1089 1598 regum
1100 1515 1234 1598 origines
1246 1515 1372 1598 repetit:
1387 1518 1531 1582 ‹ra-84.

516 1630 684 1696 Vetustum
706 1653 810 1714 regem
832 1628 1009 1714 Opuntem,
1032 1631 1130 1696 filium
1154 1631 1242 1695 lovis
1263 1641 1295 1694 at
1309 1631 1409 1696 Locro
1425 1634 1533 1698 datum

516 1747 666 1812 celebrat:
692 1750 857 1812 85-100.
897 1747 1044 1832 Hospitea
1069 1748 1189 1825 landet,
1214 1751 1269 1834 qui
1285 1749 1324 1812 ad
1340 1749 1428 1814 illum
1445 1773 1534 1814 vene·

516 1875 608 1946 runt,
633 1869 665 1931 iu
688 1867 797 1952 primis
820 1867 1030 1944 Menoetium,
1058 1870 1254 1931 lul-106:
1281 1869 1374 1952 hujus
1396 1868 1454 1932 filii
1476 1869 1533 1932 Pa·

516 1985 608 2050 trocli
630 1984 845 2048 fortitudinem
868 1993 1087 2049 commemorat
1110 1993 1141 2049 et
1164 2008 1233 2049 cnm
1259 1986 1381 2050 Achille
1405 1985 1534 2050 nemsi-

518 2103 673 2179 tudinem,
696 2104 883 2167 lot-119.
914 2101 1030 2166 Verum
1048 2111 1232 2180 revocatae,
1251 2111 1282 2166 et
1297 2102 1533 2187 Lamprornaolri

516 2218 778 2304 Epharmostique
793 2220 935 2282 victorias
950 2221 1046 2296 canit,
1065 2230 1096 2284 et
1106 2220 1200 2305 hujus
1212 2220 1336 2303 quidem
1349 2221 1532 2306 permultas:

521 2339 709 2403 lla-151.
757 2337 832 2400 ldeo
865 2345 968 2400 autem
1004 2359 1073 2402 eum
1109 2337 1192 2402 claro
1223 2339 1357 2402 carmine
1388 2337 1533 2402 celebrari

518 2465 659 2542 oportere
689 2455 862 2540 praedicat,
890 2455 965 2538 quia
994 2454 1044 2532 id,
1077 2455 1159 2539 quod
1189 2465 1250 2520 tam
1275 2457 1307 2520 iu
1331 2457 1417 2539 poesi
1440 2479 1530 2540 quarn

518 2577 553 2640 in
578 2575 705 2658 reliquis
737 2573 882 2638 laudibus
905 2572 1054 2636 debeatur
1076 2581 1220 2650 naturae,
1246 2574 1287 2638 sit
1310 2575 1478 2657 optimum,
1501 2581 1533 2637 et

518 2693 571 2758 ille
594 2693 743 2755 divinitus
766 2691 854 2754 fortis
877 2691 935 2754 sit:
965 2693 1149 2754 loa-168.

563 2809 621 2873 nst
642 2809 736 2893 hujus
759 2808 903 2876 carminis
923 2808 1022 2871 fervor
1038 2815 1069 2871 et
1084 2808 1209 2891 grundis
1225 2829 1260 2872 ac
1275 2807 1405 2871 robusta
1418 2808 1534 2882 oratio,

520 2928 721 3003 conveniens,
753 2927 814 2990 nisi
844 2926 953 3002 fallor,
982 2927 1111 2992 eximiae
1135 2927 1232 3010 ipsius
1257 2925 1454 3010 Epharnni
1476 2925 1536 2988 for·

445 3043 452 3054 ’
520 3044 668 3122 titudini,
699 3045 789 3127 quasi
812 3046 878 3108 nati
902 3053 933 3108 et
956 3045 1030 3108 lacti
1053 3043 1091 3107 ad
1116 3044 1292 3108 certamina.
1340 3041 1467 3108 Faenum
1493 3043 1536 3106 vi·

519 3163 612 3228 detur
645 3185 664 3226 a
692 3161 827 3226 Pindaro
857 3173 984 3247 propter
1014 3161 1275 3226 necessitudinem
1306 3171 1337 3224 et
1368 3161 1532 3225 amicitiem

519 3279 769 3364 Lampromachi,
786 3279 1003 3344 Thebanorum
1020 3279 1102 3365 apud
1114 3278 1269 3363 Opuntius
1282 3279 1423 3364 proxeni,
1437 3300 1533 3362 quum

519 3398 571 3462 hic
600 3407 680 3462 esset
702 3397 800 3483 ipsius
823 3397 1021 3482 Epharmosti
1045 3397 1266 3460 amicissimus:
1292 3405 1322 3459 et
1345 3397 1451 3460 datum
1475 3395 1535 3458 vic·

520 3515 582 3578 tori
603 3515 636 3578 in
661 3516 790 3599 patriam
812 3513 934 3590 reduci,
959 3536 1056 3597 quum
1081 3514 1131 3577 hio
1155 3514 1189 3576 in
1212 3513 1290 3577 sesto
1314 3513 1416 3598 Ajacis
1433 3511 1534 3577 herois

519 3631 666 3715 indigetis
689 3653 772 3695 aram
795 3639 980 3696 coronasset.
1016 3629 1088 3710 Qua
1111 3629 1295 3715 Olympiade
1317 3630 1392 3694 haec
1408 3629 1535 3692 uictoria

519 3748 684 3834 Olympico
713 3750 751 3814 ab
783 3749 988 3835 Bpharmosto
1018 3755 1174 3834 reportata
1204 3748 1313 3825 luerit,
1346 3747 1534 3831 ignoramus.

519 3867 559 3934 In
582 3868 699 3934 scholio
722 3879 823 3933 vetere
845 3868 884 3932 ad
908 3875 942 3932 ts
968 3869 1006 3934 17
1032 3877 1096 3932 est:
1120 3869 1230 3944 ἐνίκησε
1253 3867 1283 3932 δὲ
1297 3869 1311 3932 l
1326 3866 1533 3948 Ἐῷάμμοοτοε

519 3987 571 4052 nt
603 3988 769 4063 Ολόμτιο,
799 3990 836 4058 ὤς
859 3995 996 4064 προεῖπε,
1019 3989 1069 4052 net
1094 3989 1205 4062 Πύθιοι,
1229 3986 1432 4068 ἑβδομηκοστῇ
1455 3987 1536 4066 τρίτῃ

519 4105 716 4181 Ὀλυμπιάδι.
762 4104 805 4169 Et
838 4106 872 4169 in
906 4105 1022 4169 altero:
1057 4105 1106 4170 eal
1141 4105 1201 4183 γάρ
1235 4102 1329 4170 Πύθιά
1362 4105 1488 4178 talum
1520 4105 1535 4167 ὅ

521 4221 729 4301 Έφάρμοοτος
758 4224 811 4296 τὴν
842 4223 1013 4300 ομοιιοοτῆν
1035 4221 1185 4288 Πυθιάδος
1208 4221 1314 4305 ibique
1336 4221 1369 4286 in
1393 4221 1481 4286 Urat.
1505 4223 1536 4284 A

521 4345 569 4405 eat
597 4340 659 4417 λμ’.
705 4338 794 4418 Quae
825 4339 1069 4424 computationes
1101 4339 1263 4403 manifesto
1294 4347 1433 4423 puguant
1456 4339 1537 4402 iuter

522 4478 565 4522 se.
611 4457 787 4524 Boccllriua
818 4481 874 4542 pro
896 4459 1096 4539 ἑβδομηκοστῇ
1120 4459 1203 4539 τρίτῃ
1225 4457 1410 4536 Ὀλυμπιάδι
1433 4457 1536 4542 legeu-
