3725 5542
1054 708 1097 769 30

540 907 669 993 expers?
715 907 797 971 Mihi
823 929 894 971 vero
918 915 1072 972 certamen
1096 907 1154 971 hoc
1178 908 1350 973 subibitur:
1374 910 1422 972 'Pu
1442 911 1561 975 felicem

538 1047 713 1091 successum
736 1026 807 1090 da.''
830 1029 935 1110 Atque
958 1027 1016 1090 huc
1034 1027 1199 1092 fortissime
1220 1028 1348 1092 victoria
1368 1038 1455 1113 parta
1476 1029 1560 1094 lucet

539 1145 605 1208 eius
633 1144 725 1229 longe
754 1144 838 1235 lama
864 1144 897 1207 in
924 1142 1145 1229 Olympindum
1168 1167 1271 1209 cursu.
1288 1148 1311 1227 ¹)
1357 1145 1561 1229 Singulorum

538 1263 648 1339 etiam,
680 1262 734 1346 qui
764 1261 855 1347 primi
886 1263 918 1326 in
942 1262 1088 1347 Olympio
1110 1265 1276 1329 certamine
1300 1265 1455 1342 vicerant,
1480 1265 1560 1329 cele·

539 1380 627 1443 brata
657 1392 703 1445 est
733 1402 751 1443 e
781 1379 914 1477 Pindaro
947 1381 1140 1465 memorial)
1185 1381 1301 1467 Magna
1332 1402 1403 1445 vero
1432 1382 1558 1447 Adrasti

539 1499 638 1583 gloria
661 1499 797 1576 exstitit,
821 1498 905 1563 ludis
928 1498 1059 1582 Sicyone
1082 1500 1269 1563 constitutis.
1282 1500 1307 1582 8)

585 1616 646 1680 Sed
661 1617 798 1681 omnium
814 1618 941 1681 omnino
958 1617 1108 1682 virtutum
1122 1618 1156 1681 in
1172 1617 1319 1683 heroibus
1335 1618 1475 1702 exempla
1489 1640 1561 1682 con·

540 1736 648 1820 spicue
667 1744 750 1800 sunt.
786 1734 869 1798 Clari
890 1735 982 1799 iidem
999 1735 1192 1819 Tyndaridae
1208 1735 1435 1821 hospitalitate,
1451 1740 1476 1819 ⁴)
1491 1746 1560 1801 tum

489 1844 497 1855 ’
538 1852 594 1917 ills
621 1874 726 1917 eorum
754 1852 822 1916 laus
849 1853 986 1916 caritatis
1014 1854 1165 1932 maxima,
1194 1854 1278 1936 quod
1302 1855 1423 1939 sejungi
1447 1853 1560 1917 Pollux

539 1992 556 2033 a
581 1970 707 2035 Castore
731 1970 842 2033 uoluit.
879 1969 1029 2035 Adcurrit
1051 1969 1090 2033 ad
1110 1971 1252 2048 fratrem,
1272 1971 1415 2035 lethifero
1435 1971 1562 2035 vulnere

539 2096 682 2175 captum,
706 2088 884 2172 invenitque
906 2110 970 2153 non
993 2098 1151 2153 mortuum
1176 2089 1228 2153 sed
1253 2090 1452 2166 morientem,
1477 2112 1561 2153 cum·

539 2230 599 2293 que
628 2207 769 2291 lacrymis
796 2206 903 2271 Jovem
933 2216 1091 2292 precatur:
1122 2206 1254 2285 „Pater,
1284 2209 1354 2291 quis
1381 2208 1451 2271 finis
1479 2229 1562 2271 moe·

538 2326 615 2389 roris
644 2324 726 2389 erit?
753 2324 831 2390 mihi
858 2346 983 2409 quoque
1009 2348 1081 2389 cum
1103 2326 1164 2389 hoo
1186 2334 1316 2390 mortem
1340 2326 1470 2389 inferrus:
1496 2324 1561 2388 abit

539 2444 637 2508 honor
658 2444 761 2507 amicis
783 2442 890 2507 orbato
911 2444 991 2507 viro:
1009 2445 1100 2529 pauci
1121 2444 1227 2508 fideles
1248 2443 1458 2508 mortalium.''
1497 2441 1561 2506 Ad-

538 2562 623 2626 venit
646 2561 769 2646 Jupiter
793 2570 824 2624 et
846 2562 1024 2646 respondit:
1049 2571 1108 2639 „tu
1132 2562 1208 2626 mihi
1231 2561 1314 2625 filius
1338 2584 1389 2639 es,
1413 2562 1497 2625 hunc
1522 2582 1559 2625 ex

538 2679 661 2744 mortali
684 2680 748 2742 viro
772 2690 826 2743 tue
849 2687 947 2743 mater
970 2680 1114 2764 suscepit.
1161 2679 1223 2744 Sed
1246 2702 1302 2763 age
1322 2678 1380 2744 tibi
1399 2680 1559 2763 optionem

538 2797 686 2884 praebeo,
716 2804 820 2861 utrum
849 2796 922 2860 velis
946 2797 1126 2862 immortalis
1150 2797 1320 2883 Olympum
1342 2797 1495 2874 incolere,
1519 2818 1559 2860 an

538 2916 661 2979 fratrem
685 2913 796 2978 habere
819 2936 921 2998 parem
946 2916 1037 2978 sortis
1060 2917 1198 2993 socium,
1223 2915 1445 3000 dimidiamque
1465 2916 1559 2979 vitam

538 3033 618 3097 infra
644 3041 774 3109 terram,
804 3030 964 3096 dimidiam
992 3034 1025 3096 in
1053 3034 1153 3097 aurcis
1180 3033 1260 3097 coeli
1282 3032 1458 3097 domibus.'’
1492 3031 1560 3097 Nec

539 3150 693 3215 dubitavit
715 3150 785 3227 ille,
810 3160 841 3213 et
863 3151 926 3213 vita
950 3151 1051 3214 fratris
1073 3158 1192 3214 servata
1214 3159 1270 3214 est.
1285 3152 1309 3234 ⁵)
1342 3149 1492 3235 Ejusdem
1511 3172 1561 3235 ge

539 3269 620 3333 ueris
643 3267 802 3331 Antilochi
834 3268 1020 3351 praestantia
1050 3268 1183 3333 maxima
1216 3268 1291 3331 fuit:
1316 3267 1370 3350 qui
1396 3289 1450 3352 pro
1473 3275 1561 3351 patre

539 3387 604 3470 ipse
624 3394 753 3450 mortem
773 3384 878 3449 subiit.
892 3387 918 3467 θ)
953 3384 1092 3471 Inclytus
1111 3384 1262 3469 singulari
1277 3385 1429 3470 sapientia
1443 3384 1561 3449 Chiron

539 3504 645 3569 docuit
669 3503 838 3581 Achillem,
862 3505 1000 3569 venerari
1021 3504 1148 3581 lovem,
1173 3513 1290 3589 patrem
1314 3504 1423 3569 colere.
1437 3506 1463 3588 l)
1505 3504 1563 3567 Ce-

539 3622 675 3687 lebratur
695 3621 840 3686 Herculis
861 3644 895 3687 ac
916 3620 1091 3687 Telamonis
1112 3622 1265 3699 amicitia,
1278 3623 1304 3705 8)
1322 3622 1452 3687 Achillis
1469 3623 1560 3687 etiam

540 3748 572 3803 et
595 3738 738 3803 Patrocli.
751 3740 777 3821 9)
821 3738 969 3803 lustitiae
992 3740 1124 3803 maxime
1147 3741 1249 3803 Aeaco
1272 3740 1369 3815 lame,
1386 3742 1424 3823 10)
1440 3739 1561 3803 sortitu·

541 3857 613 3922 dine
637 3856 789 3923 Aeacides
812 3856 948 3939 gloriosi.
965 3858 1005 3940 ¹¹)

586 3974 727 4055 Quarum
757 3975 906 4039 virtutum
931 3976 1193 4060 praestantissima
1216 3976 1309 4039 etiam
1335 3976 1470 4061 praemia
1493 3996 1562 4059 pro·

575 4207 600 4267 1)
620 4204 773 4257 oteres.
904 4200 1163 4267 nocerem.
1264 4201 1495 4263 assensn.

573 4306 599 4362 s)
617 4302 654 4352 or.
672 4301 728 4350 111.
748 4302 770 4348 1.
902 4298 927 4357 s)
944 4298 1010 4347 rra.
1027 4296 1059 4347 r.
1076 4296 1134 4346 rau.
1261 4296 1287 4358 e)
1306 4298 1347 4362 n.
1369 4297 1411 4345 γι.
1429 4297 1470 4346 so.

574 4395 658 4462 ure.
680 4397 722 4445 rr.
739 4392 846 4445 ee-er.
901 4392 927 4453 s)
945 4392 1010 4441 ern.
1028 4391 1132 4439 [κιο.
1260 4389 1560 4451 uccericium.

558 4490 600 4551 ιο)
617 4490 682 4541 ne..
704 4487 780 4539 7111.
799 4487 836 4537 rs.
882 4485 921 4547 n)
941 4484 1002 4534 reu
1024 4483 1099 4534 rrrr.
1117 4486 1157 4533 so.
