3725 5542
835 734 871 795 ll

337 944 452 1007 lectam
476 939 513 1004 de
537 938 606 1003 Diis
629 935 864 1017 absolutamque
888 932 1081 995 sententiam.
1107 930 1358 1008 Meminerimus,

338 1082 398 1125 nos
429 1082 491 1124 non
515 1058 553 1121 de
576 1054 697 1141 placitis
720 1051 913 1137 philosophi,
939 1050 992 1113 sed
1015 1050 1054 1114 de
1077 1056 1185 1134 poetae
1208 1048 1359 1132 sapientia

338 1177 483 1242 seribere.
530 1174 619 1255 Quae
642 1172 765 1256 quidem
791 1170 941 1254 supientia
964 1169 996 1232 in
1019 1169 1103 1232 omni
1126 1190 1251 1252 quoque
1274 1174 1360 1230 vetu-

340 1303 460 1358 starum
491 1292 665 1356 fabularum
695 1286 907 1372 cognoscenda
937 1295 968 1349 et
996 1285 1179 1349 celebranda
1201 1284 1361 1349 constabat

341 1410 479 1475 materie.
507 1408 610 1488 Quam
625 1408 669 1485 si,
686 1404 796 1490 partim
813 1401 1021 1478 emendando,
1039 1402 1150 1486 partim
1166 1401 1300 1476 silendo,
1317 1402 1362 1463 ita

342 1528 501 1603 tractavit,
538 1534 574 1589 ut
604 1524 672 1587 Diis
696 1522 814 1607 placere
839 1520 1010 1596 studuerit,
1033 1520 1170 1603 profecto
1193 1517 1362 1603 sapientise

344 1644 532 1729 principium
547 1642 579 1707 iu
595 1648 680 1705 metu
697 1639 832 1703 Deorum
850 1660 963 1721 ponere
979 1636 1112 1700 voluisse
1129 1634 1286 1721 putandus
1304 1642 1360 1698 est.

818 1875 888 1957 pu.

669 2112 715 2173 Dc
739 2110 866 2171 Deorum
890 2106 1044 2169 amadus,

391 2344 553 2419 Vidimus,
585 2343 667 2406 Deos
698 2342 778 2427 apud
809 2340 980 2405 Pindarum
1004 2363 1067 2405 non
1086 2341 1198 2425 jurgiis
1223 2339 1362 2421 odiisque

345 2460 524 2525 hominibus
547 2483 611 2524 esse
627 2460 751 2523 similes.
786 2458 874 2523 Idem
890 2481 961 2523 vero
978 2480 1095 2523 umores
1112 2481 1218 2522 eorum
1234 2456 1362 2533 cecinit,

347 2588 381 2641 ut
406 2578 463 2641 hac
485 2578 516 2641 in
540 2600 573 2640 re
594 2598 657 2640 non
680 2599 698 2639 a
720 2586 833 2640 natura
856 2576 992 2640 humana
1011 2576 1104 2640 alieni
1120 2598 1186 2640 esse
1202 2574 1363 2639 rideantur

345 2706 376 2760 et
400 2694 576 2759 mortalium
601 2696 692 2758 etiam
715 2715 832 2757 amores
857 2701 1013 2778 appetant.
1048 2693 1286 2757 Memoravimns
1298 2694 1363 2777 jam

346 2813 529 2897 Neptunum
559 2812 681 2896 Pelopis
705 2834 807 2877 amore
831 2820 966 2896 captum.
1013 2813 1120 2895 Atque
1144 2812 1235 2875 etiam
1258 2819 1364 2896 postea

344 2930 458 3013 Pelops
481 2930 592 2993 amoris
616 2930 666 2993 sui
688 2929 817 3014 gratiam
842 2937 871 2993 et
895 2930 1047 3012 quaesivit
1070 2952 1088 2993 a
1110 2929 1178 2993 Deo
1201 2940 1232 2993 et
1254 2935 1364 2992 noctus

347 3056 404 3109 est.
450 3043 531 3109 Nam
554 3069 652 3130 quum
675 3044 913 3131 Hippodamiam
940 3068 1067 3111 uxorem
1090 3047 1202 3111 ducere
1221 3052 1363 3129 cuperet,

345 3185 474 3247 eamque
496 3163 556 3227 nisi
580 3168 665 3247 patre
689 3165 754 3248 ejus
779 3162 937 3227 Oenomao
961 3164 1043 3227 victo
1067 3164 1126 3229 sibi
1142 3185 1286 3253 quaerere
1302 3185 1364 3227 uon

345 3290 468 3367 posset,
492 3281 576 3345 solus
600 3281 638 3344 ed
661 3304 744 3345 mare
767 3282 943 3345 caeruleum
967 3289 1062 3346 noctu
1085 3283 1213 3347 accessit
1235 3290 1266 3345 et
1282 3279 1365 3364 Nep-

344 3406 459 3462 tunum
482 3399 616 3462 vocavit:
641 3399 691 3462 hio
718 3420 789 3463 mox
813 3400 841 3463 ei
856 3400 1016 3485 apparuit:
1034 3401 1085 3464 cui
1100 3400 1169 3463 ille:
1194 3398 1362 3477 „amabilis

346 3516 430 3580 dona
460 3514 617 3601 Cypridis,
650 3539 722 3600 age,
755 3517 781 3579 si
812 3538 890 3599 qua,
924 3515 1088 3601 Neptune,
1114 3518 1249 3601 gratiosa
1271 3523 1363 3591 sunt,

349 3634 465 3697 vincito
488 3633 605 3698 hastam
630 3632 779 3698 Oenomai
801 3656 944 3711 aeneam,
968 3658 1018 3698 me
1038 3656 1109 3698 vero
1125 3634 1290 3699 celerrimis
1305 3633 1367 3697 duc

350 3751 491 3815 curribus
522 3752 554 3815 in
581 3750 702 3815 Elidem
726 3760 758 3816 et
780 3752 882 3816 adduc
906 3752 946 3815 ad
969 3752 1137 3817 victorium.
1184 3751 1252 3836 Ego
1274 3760 1368 3816 certa

350 3890 420 3932 men
444 3867 570 3933 subibo:
596 3880 630 3931 tu
655 3889 726 3933 vero
748 3869 866 3933 felicem
890 3891 1068 3933 successum
1090 3869 1161 3933 da.”
1196 3869 1246 3933 Sic
1271 3868 1366 3944 dixit,

349 4007 451 4069 neque
472 3986 590 4049 irritam
613 3986 780 4050 orationem
806 4008 967 4070 aggressus
991 3993 1047 4049 est.
1094 3985 1190 4050 Illum
1214 3986 1367 4049 honorans

349 4104 437 4167 Deus
467 4102 553 4167 dedit
576 4104 603 4167 ei
628 4126 751 4168 currum
776 4126 903 4167 aureum
928 4112 959 4166 et
981 4103 1150 4167 indefessos
1173 4104 1230 4166 alis
1254 4125 1366 4186 equos,

348 4221 433 4306 cepit
454 4219 644 4285 Oenomaum
670 4222 780 4285 fortem
804 4221 1015 4305 virginemque
1039 4222 1211 4305 conjugem.
1228 4222 1250 4303 l)
1281 4219 1367 4284 Haec

384 4478 409 4537 1)
429 4476 466 4526 01.
485 4476 507 4526 Ι.
526 4476 665 4526 lle-lea.
