3725 5542
840 732 904 794 aab

366 940 397 996 et
426 930 614 1016 pelliciatur,
651 937 688 995 ut
721 930 787 996 soni
817 933 883 1015 ejus
915 930 1073 996 blanditiis
1104 931 1310 1015 obtemperet,
1344 936 1378 992 ut

365 1048 456 1113 hilari
490 1071 525 1112 ac
559 1048 668 1113 libenti
699 1048 801 1112 auimo
832 1049 968 1132 cogitata
999 1047 1187 1132 pronuntiet.
1235 1047 1377 1131 Duplicis

365 1166 515 1251 ejusmodi
530 1165 766 1251 comparationis
781 1165 954 1250 exemplum
969 1166 1060 1230 etiam
1076 1171 1122 1229 est
1138 1162 1228 1228 Nem.
1245 1162 1298 1228 III
1317 1164 1378 1226 134

586 1280 770 1360 νινννιιέννν
796 1280 866 1358 μέλι
887 1283 982 1362 lessi

586 1399 639 1464 σὺν
660 1398 796 1474 γάλακτι
818 1435 864 1448 -
886 1398 959 1476 πόμ’
982 1399 1109 1473 macca
1133 1399 1198 1465 Alo·

585 1523 662 1580 λῑσιν
685 1518 716 1580 ἒν
739 1522 870 1581 πνσαῖσιν
892 1517 999 1583 αὐλῶν.

365 1632 406 1698 Ill
429 1630 520 1697 Nem.
536 1629 620 1696 VIII
643 1633 685 1694 25

586 1750 694 1828 μίτραν
717 1749 878 1830 καναχηδὰ
899 1748 1143 1825 πεποικιλμέναν.

412 1867 485 1929 148.
519 1864 718 1947 ματρσμᾶπαρ
740 1890 768 1930 κ.
792 1890 821 1932 π.
845 1881 876 1931 a,
912 1869 1035 1951 Asopos
1066 1865 1178 1930 flamus
1209 1864 1376 1930 secundnm

364 1981 588 2066 Apollodorum
611 1982 727 2049 Oceani
749 1990 781 2048 et
803 1982 930 2067 Tethyis
953 1982 1037 2046 filius
1059 1981 1121 2056 fuit
1144 1989 1175 2045 et
1197 1980 1286 2046 duait
1306 2003 1381 2044 uxo·

363 2119 427 2162 rem
448 2097 613 2183 Metopon,
635 2098 772 2166 Ladonis
794 2100 881 2164 fluvii
904 2099 1014 2166 filiam:
1042 2121 1059 2164 e
1081 2099 1203 2164 filiabus
1227 2098 1322 2181 Asopi
1349 2104 1379 2160 et

364 2215 503 2300 Metopes
526 2225 675 2282 memorat
698 2218 864 2302 Aeginam,
886 2217 924 2282 L.
950 2217 1060 2282 1110.
1085 2215 1161 2281 XII.
1199 2215 1292 2300 Apud
1316 2214 1379 2280 He·

363 2332 525 2411 rodotum‚
550 2333 579 2394 V
603 2336 664 2413 80,
687 2335 785 2419 Asopi
808 2334 955 2399 dicuutur
978 2334 1058 2398 filiae
1073 2332 1178 2398 Thebe
1194 2341 1225 2398 et
1241 2332 1376 2416 Aegina:

363 2459 395 2514 et
424 2453 578 2516 consentit
605 2452 671 2536 ipae
701 2451 869 2530 Pindarus,
893 2451 950 2516 Ist.
968 2450 1050 2516 VIII
1074 2453 1126 2516 37.
1173 2449 1299 2534 Metope
1321 2449 1377 2515 ubi

362 2567 473 2645 fuerit,
496 2591 560 2632 uon
581 2571 733 2654 comperi:
757 2570 898 2636 meminit
920 2569 986 2656 ejus
1011 2566 1234 2645 Callimachus,
1259 2565 1374 2652 Hymn.

363 2685 396 2750 iu
417 2683 526 2751 lovem
550 2687 592 2750 26
643 2704 647 2710 ·

630 2841 633 2844 ⁴
743 2809 858 2875 viresco
880 2810 905 2874 δ’
927 2811 998 2889 ἀνὴρ

475 2925 562 3008 πεζὸς
587 2927 657 3004 ὑπὲρ
679 2926 785 3008 math
806 2952 842 2992 πε
865 2927 1094 2993 orcadensibus
1117 2924 1275 3000 Μετώπην.

362 3039 404 3104 llt
426 3042 592 3108 scholiasta
615 3053 704 3110 vetus
727 3067 798 3110 eum
820 3067 959 3124 versum,
984 3045 1093 3110 saltem
1115 3041 1265 3108 vocabula
1287 3039 1376 3106 πολύ-

362 3159 455 3224 στειόν
483 3186 519 3225 πε
548 3162 698 3236 Μετώπην
728 3159 871 3241 afferens,
906 3163 999 3240 dicit,
1035 3160 1205 3227 secundum
1236 3158 1379 3223 Callima-

363 3277 457 3341 chum
479 3277 626 3363 Metopon
648 3278 744 3356 fuisse
765 3282 798 3344 iu
822 3280 963 3344 Arcadia.
1010 3279 1104 3360 Quod
1128 3277 1282 3363 quomodo
1305 3276 1377 3342 inde

364 3393 514 3474 effecerit,
538 3417 601 3460 non
624 3397 699 3462 satis
721 3397 794 3462 scio.
833 3397 1004 3462 Scholiasta
1027 3397 1177 3462 recentior
1199 3394 1292 3472 dicit,
1314 3394 1378 3460 Mo-

363 3519 459 3598 topen
482 3513 617 3578 habitam
639 3515 736 3579 luisse
750 3515 846 3579 filiam
860 3515 1082 3600 Stymphalidis
1090 3563 1100 3594 ,
1117 3521 1278 3600 propterea
1293 3511 1376 3596 quod

365 3628 577 3714 Stymphalide
606 3631 789 3716 cingeretur.
835 3631 883 3697 De
916 3630 1044 3696 Ladone
1078 3639 1215 3709 constat,
1245 3630 1377 3695 fluvium

365 3767 437 3810 eum
452 3746 547 3811 fuisse
563 3747 730 3813 Arcadiae:
752 3748 821 3814 vide
836 3749 1020 3814 Pausaniam
1036 3748 1073 3813 L.
1087 3747 1170 3812 VIH
1183 3747 1218 3812 G.
1232 3747 1324 3812 XXV
1337 3751 1376 3826 t,

366 3869 397 3925 et
419 3863 571 3946 permulta
594 3864 654 3929 alia
676 3864 753 3930 loca
790 3865 859 3930 Sive
883 3873 987 3931 autem
1002 3866 1130 3952 Metops
1145 3873 1271 3952 propter
1286 3888 1377 3930 snum

365 3979 478 4057 situm,
507 3981 571 4045 sive
598 3991 723 4067 propter
745 3993 862 4070 patrem
885 3983 1059 4063 Ladonem,
1084 3984 1147 4048 sive
1170 3992 1294 4069 propter
1316 4006 1378 4048 ma

365 4105 442 4161 trem
465 4095 708 4183 stymphalidem
731 4100 919 4185 Stymphalis
943 4101 1026 4166 dicta
1048 4111 1111 4166 est:
1137 4103 1196 4168 hoo
1219 4102 1375 4178 videmus,

365 4220 490 4299 propter
518 4214 602 4280 illam
633 4237 652 4279 a
680 4215 815 4281 Pindaro
837 4217 988 4282 Arcadiae
1011 4239 1046 4282 ao
1068 4218 1242 4283 Thebarum
1266 4239 1376 4302 cogna-

363 4329 478 4395 tionem
513 4331 641 4398 laudsri.
688 4335 812 4419 Asopos
847 4335 971 4419 quidem
1007 4335 1068 4400 luit
1102 4336 1135 4400 iu
1158 4335 1311 4412 Phliasm,
1341 4343 1372 4398 et

363 4447 444 4518 alter
462 4448 495 4514 in
519 4447 664 4516 Boeotia:
690 4454 844 4540 Aesopum
867 4475 958 4520 suum
975 4453 1105 4520 Phliasii
1124 4465 1240 4540 patrem
1256 4452 1376 4518 Thebes
