3725 5542
1017 726 1060 782 64

527 921 587 984 alia
602 921 689 983 fortis
705 920 812 983 oratio.
849 922 949 1003 Atque
964 922 1127 985 maximam
1142 922 1176 985 in
1191 923 1311 1006 agendo
1327 922 1546 988 fortitudinem

527 1046 557 1101 et
581 1038 717 1121 ingentia
733 1036 861 1101 laudum
883 1037 987 1101 studia
1009 1039 1170 1103 excitavit:
1193 1040 1292 1125 ipsius
1315 1064 1403 1118 vero,
1428 1042 1544 1125 quippe

526 1164 649 1239 poetae,
669 1156 767 1218 virtus
784 1155 921 1219 oratione
936 1156 1161 1220 continebatur.
1198 1156 1287 1237 Quae
1303 1158 1428 1241 quidem
1443 1160 1543 1222 oratio

527 1295 618 1357 quam
634 1272 721 1336 fortis
736 1274 792 1349 sit,
809 1272 858 1336 vel
873 1273 996 1356 qualem
1011 1297 1079 1338 eam
1094 1276 1160 1360 ipse
1174 1298 1240 1340 esse
1255 1286 1287 1339 et
1299 1277 1432 1341 voluerit
1442 1287 1474 1341 et
1485 1301 1543 1362 pu·

527 1392 652 1468 tavent,
670 1391 837 1455 scribemus
853 1400 973 1475 postea:
991 1414 1075 1455 nunc
1090 1414 1162 1456 vero
1178 1393 1237 1457 hoc
1252 1416 1428 1474 monemus,
1440 1418 1542 1460 rerum

528 1532 650 1588 aarum,
681 1531 813 1593 quarum
836 1510 904 1572 laus
927 1519 1008 1574 esset
1029 1513 1162 1575 maxima
1184 1521 1216 1575 et
1238 1513 1277 1575 ab
1300 1514 1376 1597 ipsis
1398 1512 1468 1576 Diis
1490 1514 1545 1577 do-

528 1634 600 1691 nata
622 1626 820 1703 mortalibus,
845 1634 947 1691 tamen
972 1650 1043 1692 eum
1066 1630 1200 1693 voluisse
1223 1629 1377 1713 quandam
1397 1653 1463 1694 esse
1481 1653 1545 1694 mo-

528 1744 657 1808 destiam
688 1744 941 1829 praedicationis,
974 1755 1178 1823 metuentem,
1202 1770 1242 1811 na
1264 1770 1301 1810 ea
1323 1749 1439 1824 oratio,
1464 1770 1544 1831 quae

528 1862 619 1926 rebus
647 1863 719 1947 ipsis
743 1862 985 1945 adaequaretur,
1009 1863 1156 1927 invidiam
1181 1864 1317 1928 divinam
1340 1874 1444 1949 posset
1467 1868 1546 1929 exci-

528 1988 602 2045 tare.
634 1980 731 2044 Velut
754 1979 891 2043 laudavit
916 1981 1132 2065 Xenophontis
1156 1982 1310 2046 Corinthii
1335 1983 1475 2061 domum,
1492 1984 1546 2047 tri·

528 2098 587 2161 bus
609 2098 807 2181 conspicuam
830 2098 965 2162 victoriis
989 2098 1158 2183 Olympiis:
1180 2122 1252 2184 ergo
1271 2100 1305 2163 in
1324 2108 1412 2163 tanta
1430 2122 1462 2163 re
1482 2123 1546 2164 non

530 2222 631 2301 potest
657 2236 720 2278 non
747 2215 894 2279 undanter
916 2218 1136 2301 praestantiam
1159 2216 1332 2280 carminum
1354 2226 1478 2301 aptare:
1501 2218 1547 2302 ip

529 2335 593 2397 sius
628 2332 771 2397 Corinthi
805 2334 942 2417 insignes
977 2334 1083 2397 laudes
1119 2334 1289 2419 praedicat:
1323 2336 1409 2418 atqui
1441 2335 1545 2398 addit:

755 2450 845 2517 ὕπατ’
867 2452 933 2531 εὐρὺ
954 2452 1292 2529 muratorianam.

754 2569 915 2649 ἀφθόνητος
938 2572 1055 2634 ἔπεσσιν

756 2687 846 2762 γένοιο
869 2686 969 2767 χρόνον
990 2684 1115 2751 ἅπαντα
1138 2694 1196 2752 Ζεῦ
1218 2686 1323 2765 πάτερ.

532 2806 660 2881 Mne,
684 2805 736 2890 qai
757 2806 819 2868 lota
841 2806 917 2886 repis
946 2805 1126 2890 Olympiam,
1150 2828 1186 2869 ue
1208 2805 1341 2869 invideas
1360 2805 1433 2868 meis
1453 2806 1550 2867 mbas

524 2946 583 3005 par
614 2945 694 2986 omne
716 2928 843 3004 tempas,
869 2945 886 2985 o
909 2922 1028 3005 Jupiter
1045 2928 1145 3003 pater.
1160 2922 1184 3005 ¹)
1229 2921 1281 2984 Sic
1304 2921 1429 3004 quidem
1452 2920 1551 2984 admi·

530 3040 661 3104 randum
685 3041 717 3103 iu
740 3040 866 3104 modum
890 3040 945 3104 ilio
967 3040 1075 3103 vitavit

881 3156 962 3239 ὕβριν
984 3159 1064 3235 κόρου

881 3277 998 3357 ματέρα
1019 3278 1195 3355 θρασύμυθον

530 3397 713 3479 superbiam,
737 3418 812 3479 quoe
834 3397 982 3459 wana
1005 3396 1132 3458 outtooio
1145 3394 1267 3478 sustam
1283 3392 1420 3475 ραι-ἐμ)

998 3630 1016 3711 t
1043 3632 1073 3690 6.

938 3866 986 3927 De
1012 3866 1133 3927 musico

573 4098 712 4177 Exosus,
737 4110 773 4163 ut
795 4099 886 4163 modo
910 4099 1106 4183 scripsimus,
1129 4098 1282 4162 Pindarus
1306 4108 1354 4159 est
1375 4096 1545 4180 loquacita-

527 4226 589 4282 tem
621 4228 652 4281 et
683 4217 873 4303 superbiam:
906 4216 960 4279 sed
990 4238 1094 4280 veram
1122 4216 1184 4279 vim
1211 4214 1312 4299 poesis
1334 4213 1487 4277 intellexit
1510 4226 1543 4280 et

562 4473 586 4533 ι)
605 4472 642 4521 οι.
660 4472 738 4522 1111.
756 4470 796 4519 aa.
897 4470 922 4531 a)
941 4470 1003 4518 rar.
1022 4468 1062 4518 n.
