3725 5542
848 701 913 764 889

419 903 471 966 77.
505 902 656 978 θοιιμθνοιν.
691 899 892 986 Exspectasse
916 897 1032 978 Φοίβου.
1057 898 1116 965 Sed
1141 901 1281 965 universe
1297 900 1389 984 signi·

370 1020 480 1084 ficator
502 1018 640 1083 Deorum
663 1018 817 1082 voluntas.

417 1137 470 1200 85.
508 1136 687 1215 ἐπιχθονίοις.
728 1133 786 1198 Est
819 1134 908 1220 quasi
943 1133 1066 1198 dativus
1101 1133 1264 1199 commodi.
1311 1133 1388 1198 Fore

370 1253 475 1332 illum,
500 1252 554 1338 qui
578 1251 680 1317 dando
697 1251 879 1316 mortalibus
895 1250 1041 1316 vaticinia
1056 1258 1225 1337 praestaret
1240 1251 1385 1337 reliquos.

416 1373 469 1436 86.
503 1370 566 1437 οὐδὲ
594 1369 662 1435 ποτ’
687 1369 843 1448 ἐκλείψειν.
880 1367 1023 1454 Xenoph.
1048 1367 1163 1435 Oeoon.
1189 1367 1255 1434 VII
1280 1372 1320 1434 19
1344 1369 1386 1448 τῷ

370 1491 414 1566 μίν
442 1490 571 1554 ἐκλιπεῖν
596 1487 672 1568 ζώων
693 1485 777 1563 γένιρ.
819 1485 914 1570 Soph.
938 1485 988 1550 Ill.
1013 1487 1077 1550 985
1101 1485 1175 1552 θθστε
1198 1487 1240 1565 μίν
1262 1485 1389 1550 ’κλιπεῖν

370 1605 464 1675 κιιίος.

417 1723 469 1784 88.
505 1721 636 1800 εὔχοντο.
672 1718 758 1784 Solet
783 1739 854 1784 oum
879 1718 1048 1784 affirmandi
1072 1718 1295 1804 significatione
1319 1740 1388 1782 con-

366 1839 507 1925 junctam
529 1836 641 1902 habere
663 1835 799 1920 aliquam
820 1834 1045 1920 gloriationem.
1081 1835 1151 1901 Hoc
1173 1836 1241 1901 loco
1264 1843 1388 1901 tantum

370 1956 522 2041 significat
544 1954 701 2019 affirmare.
748 1951 896 2018 Similiter
918 1952 1012 2018 Hom.
1036 1952 1076 2018 Il.
1101 1952 1215 2019 XVIII
1238 1955 1303 2017 498

549 2071 597 2136 θθο
619 2070 645 2135 δ’
667 2067 766 2150 ἄνδρες
789 2070 909 2135 ἐνείκεον
930 2067 1029 2136 εἵνεκιι
1050 2079 1146 2146 ποινῆς

439 2188 538 2268 οὶνθρθι
560 2187 776 2271 ἀποφθιμένου·
799 2188 814 2252 θ
835 2186 890 2265 μὲν
912 2186 1021 2268 εὔχετο
1044 2185 1134 2252 ποθντί
1156 2185 1310 2252 οθποθοῦνοιι

441 2305 522 2385 θήμιρ
543 2303 737 2386 πιφαύσκων,
761 2304 776 2368 θ
798 2300 824 2368 θ’
845 2305 979 2369 οθνοιίνετο
1001 2304 1089 2382 μηδὲν
1112 2302 1236 2368 θλέσθοοι.

419 2423 473 2485 98.
505 2422 604 2486 οὶκτῑσι
626 2420 837 2501 βεβρεγμένος.
869 2420 963 2486 Beate
984 2421 1106 2486 videtur
1120 2427 1209 2484 votus
1224 2419 1389 2484 scholiasta

373 2538 535 2603 humorem
568 2538 645 2601 roris
680 2538 811 2602 similem
845 2537 1009 2622 significari
1043 2537 1235 2616 existimare;
1270 2536 1389 2602 confert

374 2654 467 2721 Hom.
491 2655 531 2720 11.
556 2653 635 2719 XIV
658 2657 722 2718 851

594 2771 735 2837 στιλπνοιί
758 2770 785 2834 δ’
807 2770 978 2836 ἀπέπιπτον
1000 2769 1112 2852 ἔερσοιι·

370 2912 476 2956 verum
505 2889 550 2955 ibi
580 2911 633 2954 eae
663 2887 841 2974 splendidae
867 2890 944 2954 roris
968 2895 1075 2974 guttae
1098 2889 1138 2954 de
1158 2911 1252 2954 aurea
1273 2888 1388 2955 nebule

327 3083 330 3088 Ι
371 3005 531 3083 decidunt,
555 3028 618 3069 non
642 3028 658 3071 e
680 3005 808 3071 floribus
831 3007 1027 3091 proveniunt.
1058 3005 1139 3070 Mira
1163 3013 1265 3070 autem
1289 3004 1387 3070 Poeta

374 3122 527 3207 elegantis
549 3121 689 3206 guttulas
712 3121 867 3187 radiorum
890 3123 1014 3188 nominc
1039 3122 1173 3208 appellat
1185 3123 1322 3207 ipsisque
1334 3121 1387 3187 llo·

372 3262 441 3304 rum
464 3238 581 3304 colores
604 3238 723 3304 tribuit.

408 3340 470 3422 ⁴93.
506 3355 714 3438 κατεφάμιξεν
737 3359 901 3423 κοιλεῑσθοιι.
938 3355 986 3421 cf.
1011 3359 1063 3421 54.

416 3477 469 3539 95.
505 3476 586 3540 τοῦτ’
607 3472 699 3553 θνυρθ.
734 3472 775 3537 In
797 3473 980 3559 glossemate
1003 3479 1067 3538 est:
1091 3472 1349 3550 delectatatio,
1373 3467 1387 3535 θ

370 3592 497 3666 θηλονθτι
532 3591 567 3656 τί
599 3589 730 3674 θερίζειν,
764 3590 815 3672 θοι,
844 3589 863 3656 θ
891 3593 970 3657 ἐστιν
1001 3591 1088 3666 θνθνι,
1120 3590 1245 3668 λέγεται
1271 3589 1386 3667 Ἴοιριος.

370 3706 473 3772 Nimis
497 3714 615 3793 arguto.
663 3706 721 3771 list
742 3730 855 3774 nomen
878 3714 1001 3773 tantum
1026 3730 1043 3772 a
1066 3707 1333 3773 nominatorum.

417 3826 470 3888 96.
506 3823 545 3888 In
580 3824 730 3909 adjectivo
764 3830 892 3906 τερπνοῖς
922 3824 1011 3891 nulla
1042 3824 1207 3890 difficultas
1238 3831 1301 3902 est,
1333 3824 1386 3888 scd

371 3941 494 4006 difficile
517 3948 581 4019 est,
606 3940 792 4027 adjectivum
814 3942 1062 4024 χρυσοστεφάνοιο
1079 3943 1124 4006 its
1139 3941 1178 4006 ad
1190 3943 1386 4027 juventutem

368 4057 497 4136 referre,
521 4065 558 4122 ut
581 4058 771 4143 significetur
794 4081 830 4122 ea
852 4065 955 4136 aetas,
980 4080 1058 4143 quae
1074 4081 1144 4124 cum
1160 4057 1385 4123 oblectamento

370 4174 480 4241 decora
501 4175 704 4240 certaminum
727 4182 870 4260 quaerat:
894 4175 933 4240 ci.
957 4173 1008 4239 01.
1033 4174 1068 4240 II
1094 4177 1152 4252 78,
1178 4173 1228 4238 Ol.
1249 4173 1332 4238 VIII
1349 4176 1384 4237 l:

243 4357 254 4373 ‚
370 4300 403 4356 et
433 4298 480 4356 est
506 4292 540 4356 in
562 4291 763 4377 glossemate:
787 4299 840 4367 τῆς
863 4290 1050 4372 προξενούσης
1074 4297 1200 4372 χρυσοῦν
1223 4291 1384 4372 στίφουονε

370 4430 441 4472 nam
472 4409 516 4472 sic
546 4408 673 4494 quidem
701 4407 810 4473 Jamus
841 4409 907 4493 ejus
938 4408 1047 4472 aetatis
1080 4407 1214 4470 fructum
1245 4404 1384 4470 nondam
1479 4429 1482 4436 ’
