3725 5542
815 726 879 787 303

337 933 388 991 τοῦ
418 926 554 1005 odoacer
585 925 706 1007 ἔρχεται
733 928 899 1001 αἰσθήσεων.
947 923 1037 1005 Quae
1060 924 1186 1011 quidem
1210 927 1356 1011 interpre-

337 1045 415 1107 tatio
439 1044 515 1107 mihi
538 1067 609 1109 vera
632 1044 762 1110 videtur.
799 1044 949 1129 Erinnys,
974 1044 1120 1129 adspecta
1143 1046 1241 1109 acutis
1258 1045 1355 1109 oculis

339 1162 430 1227 caede
463 1160 549 1248 Laji,
589 1163 701 1250 Oedipi
740 1162 811 1227 filiis
851 1164 1010 1227 interitum
1033 1163 1151 1229 intulit.
1205 1162 1257 1228 Sic
1291 1164 1357 1229 bre·

340 1282 463 1346 sissima
496 1282 671 1347 narratione
706 1282 780 1347 haee
816 1304 886 1347 curn
923 1304 1013 1347 versu
1045 1284 1086 1347 70
1118 1282 1301 1358 cohaerent,
1325 1290 1357 1345 et

338 1398 490 1463 malorum
513 1400 657 1485 copulata
680 1400 771 1464 series
795 1400 997 1485 significatur.
1041 1398 1225 1463 Karstenius
1248 1397 1357 1463 codem

339 1516 431 1580 modo
461 1517 610 1603 explieat,
642 1519 694 1582 sed
723 1518 804 1596 δξεῑιι
835 1518 1050 1583 adverbialiter
1081 1518 1217 1603 positum
1249 1526 1355 1602 putat,

340 1641 376 1697 ut
413 1634 540 1699 Hesiod.
575 1634 661 1699 Sout.
697 1635 788 1701 Herc.
825 1639 889 1700 348
930 1635 1013 1713 ὀξεῖαι
1046 1636 1205 1717 χρέμισαν.
1262 1633 1356 1715 Quod

339 1774 395 1817 nee
429 1754 597 1819 absurdum
631 1762 694 1832 est,
730 1778 787 1820 neo
818 1764 920 1819 tamen
953 1755 1168 1819 necessarium.
1215 1753 1263 1816 Sit
1284 1753 1357 1817 licet

339 1870 542 1957 adjectivum,
566 1880 667 1937 tamen
691 1873 724 1937 id
747 1896 874 1938 acumen
899 1872 984 1958 quod
1003 1873 1210 1955 significatur,
1231 1870 1270 1934 ad
1290 1870 1357 1935 ἰδεῖν

339 1989 444 2053 referri
467 1996 579 2075 potest.

386 2110 439 2171 ⁷4.
473 2110 507 2173 ol.
544 2104 590 2173 (ll.
626 2108 677 2173 Ol.
702 2107 719 2171 Ι
745 2108 820 2173 106.

386 2227 437 2290 lt.
472 2226 683 2305 advertimini.
719 2224 916 2309 Quamquam
933 2224 1121 2302 Harmonia,
1139 2246 1217 2289 uror
1231 2223 1356 2302 Cadmi,

340 2342 403 2406 filia
426 2342 536 2407 Martis
559 2344 635 2421 luit,
661 2358 762 2407 tamen
786 2366 849 2408 non
865 2366 901 2407 ea
916 2365 1072 2429 propago,
1089 2344 1142 2407 sed
1162 2343 1273 2408 bellica
1289 2365 1357 2428 pro

340 2461 383 2525 les
408 2461 606 2545 significatur.

387 2582 428 2644 78
460 2582 528 2651 νέοις
551 2580 580 2643 ἐν
602 2581 722 2651 ἀέθλοις.
758 2579 980 2665 significantur
998 2581 1118 2645 ludicra
1129 2582 1281 2666 juvenum
1296 2601 1359 2643 cer·

341 2696 473 2774 tamine,
498 2706 637 2782 separata
660 2720 679 2761 a
701 2698 790 2763 bellis
816 2721 848 2761 vs
875 2702 926 2765 79.
975 2698 1048 2778 Quo
1071 2698 1196 2783 quidem
1213 2696 1357 2762 1111111111

342 2814 455 2878 bellum
479 2813 691 2899 Epigonornm
715 2802 889 2901 respicitur.

387 2934 440 2996 80.
475 2932 677 3013 Ἀδραστιδᾶν.
713 2932 873 3017 Polynices
905 2956 944 2997 ex
975 2935 1087 3019 Argia,
1120 2934 1246 2998 Adrasti
1277 2932 1356 3009 filia,
1433 3000 1443 3011 ,

342 3050 459 3135 peperit
482 3050 720 3115 Thersandrum.
767 3050 824 3115 1111
845 3052 1042 3131 Ἀδραστιδᾶν
1064 3052 1267 3136 patronymiei
1282 3073 1358 3115 mas

289 3152 292 3159 ⁴
341 3168 436 3231 culini
467 3166 666 3248 Ἀδριιστιδηι.
712 3166 813 3232 Nimis
852 3177 961 3253 argute
996 3168 1139 3233 nonnulli
1171 3168 1298 3233 haerent
1325 3168 1357 3230 in

342 3284 548 3371 disputando,
565 3285 730 3371 significari
746 3294 799 3349 aut
812 3292 894 3351 certe
908 3286 1143 3371 significandum
1155 3286 1248 3350 luisse
1261 3308 1358 3369 genus

344 3412 524 3469 maternum.
550 3402 765 3488 Patronymieo
787 3404 957 3469 masculino
981 3405 1172 3489 significatur
1190 3411 1357 3488 1011111111.

343 3520 415 3585 Fuit
438 3520 632 3586 Thersander
655 3522 755 3607 proles
782 3525 849 3609 ejus
872 3523 991 3608 gentis,
1012 3531 1044 3588 et
1059 3523 1157 3588 eidem
1173 3524 1259 3606 genti
1276 3545 1359 3607 prae·

342 3639 466 3703 sidium.
502 3638 539 3703 Id
571 3641 652 3705 eninr
676 3648 724 3705 est
746 3643 833 3715 711101
855 3643 969 3725 ἀρωγὸν
991 3642 1097 3719 δόμοις.
1133 3641 1257 3705 Plurale
1279 3642 1360 3720 δόμοι

331 3758 565 3859 ¹significatione
596 3758 746 3845 singulari
775 3768 821 3825 111
851 3760 945 3824 etiam
973 3759 1064 3825 Nem.
1093 3758 1146 3823 ΠΙ
1179 3761 1230 3825 76.
1265 3762 1360 3836 'Aac

341 3878 491 3954 μεμνᾶνιον
513 3876 617 3953 θάλος,
642 3876 750 3963 11111111.
775 3876 877 3963 Iphig.
902 3878 995 3943 'laun
1023 3880 1096 3944 171.

390 3996 442 4058 83.
480 3994 577 4074 ἔχοντι
600 3993 679 4075 ῥίζαν
703 3995 804 4075 πρέπει
827 3996 886 4061 τὸν.
922 3994 1085 4074 Quantum
1105 3993 1255 4059 escholio
1270 3993 1359 4058 Urat.

345 4115 372 4175 A
400 4134 543 4198 apparere
574 4098 713 4189 videtur,
747 4112 897 4197 Didymus
932 4114 1030 4195 ἔχοντι
1060 4114 1210 4198 scriptum
1240 4112 1361 4196 putavit

344 4251 399 4315 pro
429 4228 546 4311 ἔχουσι,
579 4238 610 4294 01
642 4238 712 4315 post
741 4230 819 4311 ῥίζαν
851 4232 1032 4295 sententiam
1066 4253 1178 4295 novam
1204 4228 1358 4293 instituit:

345 4349 541 4413 Aristarchus
564 4370 635 4412 vero
658 4349 756 4429 ἔχοντι
780 4370 848 4413 oum
872 4350 921 4414 τδν
941 4349 1136 4428 Αἰνησιδάμου
1159 4348 1285 4433 copulat
1307 4370 1361 4432 per

345 4489 434 4531 casus
458 4466 651 4552 metallagen.
699 4466 740 4531 Et
764 4466 814 4532 hio
838 4468 964 4552 quidem
987 4477 1078 4533 recte.
1125 4467 1240 4532 Similis
1264 4474 1360 4531 struc-
