3725 5542
803 724 867 787 495

328 948 344 991 e
374 950 408 989 vs
439 928 491 990 21.
538 924 650 989 Potius
673 924 771 988 fuisse
793 922 882 987 illum
906 922 1014 1000 credo,
1039 930 1105 989 tum
1129 945 1224 1007 quum
1249 926 1349 989 vince·

327 1050 391 1121 ret,
424 1042 479 1107 illa
511 1052 612 1107 aetate
640 1063 720 1125 quae
743 1039 910 1105 vocabatur
932 1040 1089 1121 ἀγενείων,
1110 1040 1149 1105 de
1172 1062 1235 1123 qua
1256 1042 1348 1127 scrip

328 1162 423 1225 simus
446 1160 485 1224 ad
508 1158 560 1223 Ol.
584 1158 633 1223 IX
659 1161 741 1236 135,
765 1179 912 1243 apparere
935 1158 1076 1222 exmtimo
1100 1180 1116 1221 e
1140 1180 1173 1221 vs
1199 1160 1258 1221 [aa

552 1285 645 1342 κεῖνον
667 1276 748 1340 κατὰ
770 1278 871 1357 χρόνον
893 1275 955 1357 ἰδέᾳ
977 1298 1011 1340 τε
1033 1275 1124 1339 καλὸν

548 1393 635 1475 Ὥρῳ
656 1418 690 1459 τε
715 1392 898 1473 κεκραμένον.

328 1510 416 1591 Quae
443 1512 582 1577 laudatio
604 1533 732 1597 prorsus
756 1512 900 1574 convenit
922 1532 993 1574 cnm
1017 1509 1108 1573 laude
1131 1508 1344 1594 llphnrmmti,

329 1629 473 1712 quomis
498 1628 604 1693 eadem
628 1636 728 1693 aetate
752 1628 884 1692 Athenis
907 1629 1058 1704 vinceret,
1083 1625 1133 1691 01.
1159 1624 1206 1691 IX
1234 1629 1313 1705 141,

371 1748 469 1825 ὤραῖνς
492 1748 543 1811 ἐὼν
564 1746 614 1811 sel
637 1746 738 1813 καλό.
786 1744 874 1811 Ocni.
900 1753 1002 1809 tamen
1026 1766 1096 1809 ann.
1122 1744 1159 1808 ad
1187 1747 1260 1809 122.

372 1861 542 1928 Exordium
577 1873 624 1927 est
653 1864 687 1927 in
718 1862 943 1928 reminiscendo
974 1870 1044 1949 post
1074 1864 1200 1947 longum
1224 1872 1344 1947 tempus

327 1981 458 2059 victore,
479 1982 512 2047 in
536 1981 701 2047 cremanda
723 1981 979 2067 reprehensione,
1008 1989 1039 2045 et
1062 1980 1095 2043 iu
1118 1979 1274 2044 reddendo
1295 1980 1345 2044 de·

328 2097 392 2161 bito
422 2120 494 2163 cum
524 2099 665 2176 foenore,
701 2100 819 2163 1-16.
877 2097 1020 2161 Civitatis
1051 2097 1158 2162 laudes
1186 2098 1343 2183 justitiae,

327 2214 459 2292 artium,
492 2214 635 2279 militiae:
671 2218 812 2280 lt-ao.
867 2213 950 2279 Laus
974 2198 1105 2278 'victoris
1136 2222 1167 2279 at
1196 2214 1344 2299 gaudium

328 2330 411 2408 Ilae,
443 2332 582 2417 mamstri
618 2333 807 2418 palaestrae:
843 2335 986 2397 20-26.
1033 2330 1140 2396 Gloria
1170 2330 1344 2397 certaminis

328 2446 483 2536 Olympii,
500 2449 539 2515 ab
551 2450 685 2515 Hercule
697 2450 833 2515 instituti
844 2475 851 2512 ι
865 2451 1007 2515 27-32.
1033 2448 1187 2515 Victoriae
1199 2450 1343 2514 Herculis

327 2565 366 2629 ds
389 2565 514 2644 Oteato,
531 2565 669 2651 Euryto,
689 2569 815 2651 Auges,
832 2568 977 2630 32-50.
1010 2562 1176 2630 consecrat
1195 2564 1344 2631 Hercules

328 2681 430 2747 lucum
444 2682 533 2747 Altin
549 2690 580 2747 et
594 2692 730 2748 montem
747 2682 895 2748 Cronium
912 2682 1067 2768 appellat,
1086 2684 1227 2746 ol-oa,
1244 2682 1343 2751 ‘Sacra

327 2800 366 2864 ab
388 2822 425 2864 eo
446 2801 528 2865 iacta
549 2801 757 2885 primitiarum
779 2809 811 2864 et
834 2801 1086 2885 quinquennales
1109 2800 1176 2864 ludi
1191 2801 1341 2879 instituti,

328 2919 471 2983 naa-⁷1.
495 2916 630 2983 Nomina
645 2918 814 3001 laudesque
829 2918 997 3003 primorum
1014 2920 1182 2983 victorum:
1199 2921 1341 2984 ⁷2-8a

326 3034 443 3118 Fulgor
465 3034 557 3099 lunae
579 3035 713 3119 laetique
736 3042 864 3113 cantus,
887 3038 1030 3099 att-93.
1055 3034 1257 3100 continuatio
1280 3058 1344 3101 mo·

326 3152 369 3216 ris
407 3150 535 3215 canendi
566 3152 708 3216 victorias
739 3163 771 3217 et
799 3152 925 3231 «lovem,
958 3156 1101 3217 94-98.
1157 3126 1343 3219 Dulcissima

325 3269 478 3347 carmina,
503 3292 689 3355 quamquam
712 3292 795 3348 sero,
820 3270 891 3336 data
913 3272 1039 3350 victori,
1065 3274 1230 3336 99-116.
1258 3272 1342 3337 Laus

326 3387 459 3451 civitatis
481 3395 513 3452 et
535 3388 678 3466 victoris,
706 3390 892 3454 lli-125.

373 3622 402 3683 l.
438 3620 601 3697 ἀνέγνωτε.
633 3620 822 3685 Scholiastae
845 3622 941 3685 veteri
964 3620 1086 3687 videtur
1107 3644 1172 3686 esse
1188 3622 1341 3687 invocatio
1376 3596 1380 3605 Α

325 3736 487 3800 Musarum
523 3736 569 3801 vel
600 3736 766 3822 appellatio
797 3737 894 3801 chori.
929 3736 1047 3803 Verum
1071 3738 1193 3804 Musam
1217 3739 1341 3804 demum

324 3854 449 3917 invocat
471 3852 632 3937 deinceps,
657 3877 690 3918 vs
706 3860 741 3932 4,
758 3852 780 3919 ὦ
795 3855 885 3920 Μνῖσ’
900 3856 986 3920 ἀλλὰ
1000 3856 1052 3921 σύν
1071 3856 1146 3921 haec
1162 3857 1245 3942 prior
1259 3878 1341 3935 nou,

324 3978 362 4035 ut
390 3970 467 4034 mihi
498 3970 636 4049 videtur,
664 3971 815 4055 ejusmodi
838 3972 991 4035 invocatio
1014 3980 1078 4051 est,
1101 3972 1156 4037 sed
1180 3974 1268 4057 quasi
1293 3973 1340 4037 vel

324 4087 460 4172 cujusvis
482 4087 531 4151 vel
553 4087 671 4152 nullius
694 4088 860 4174 appellatio
883 4089 1035 4153 universa.

371 4208 401 4269 8.
436 4205 619 4285 γέγραπται.
666 4204 828 4290 Exquisite
869 4204 1006 4269 dictum:
1042 4207 1225 4291 inscriptum
1261 4208 1342 4273 euim

324 4322 422 4385 menti
451 4343 525 4386 suae
557 4323 701 4387 victorem
728 4322 842 4386 oblivio
865 4331 987 4407 tegere,
1012 4343 1073 4387 non
1096 4323 1198 4387 delere
1221 4325 1342 4389 incuria

221 4453 230 4461 ·
325 4446 478 4523 potuerat.
525 4439 630 4504 Dictio
653 4449 755 4504 autem
780 4440 871 4504 etiam
895 4448 944 4505 est
967 4440 1078 4505 Aesolr.
1102 4439 1197 4505 Ohoe.
1222 4446 1286 4507 450
