3725 5542
801 710 866 772 468

329 910 541 996 sepulcrorum
570 907 703 991 intelligi
730 906 836 983 docet,
873 929 972 971 uuum
996 907 1074 972 illud
1099 910 1226 974 insitum
1250 910 1345 974 luisse

328 1028 455 1114 priscis,
475 1033 604 1090 mortem
620 1046 684 1088 non
699 1025 858 1088 interitum
875 1046 940 1088 esse
957 1026 1059 1090 omnio
1075 1025 1236 1091 tollentem
1252 1035 1345 1112 etque

330 1146 500 1221 delentem,
525 1143 578 1207 sed
602 1141 756 1227 quandem
776 1141 864 1224 quusi
879 1143 1093 1226 migrationem
1109 1144 1249 1229 vitaeque
1265 1166 1345 1210 com-

330 1261 549 1326 mutationem:
585 1257 676 1322 Tusc.
707 1256 744 1322 L.
776 1256 793 1320 I
827 1261 877 1322 12.
913 1256 1029 1324 Verum
1061 1260 1237 1326 inferiarum
1270 1262 1345 1326 haec

330 1380 446 1444 mentio
470 1399 548 1462 quse
571 1377 632 1441 ulia
655 1385 701 1440 est
724 1376 784 1439 uisi
807 1375 925 1440 decoris
941 1375 1114 1462 Olympici,
1131 1400 1194 1462 qno
1210 1379 1345 1464 parando

331 1493 514 1560 Alcimedon
543 1501 682 1558 mortuos
712 1493 956 1576 consanguineos
987 1493 1151 1559 bonoravit
1174 1504 1205 1559 et
1228 1495 1345 1560 enimus

331 1633 437 1676 eorum
467 1610 650 1686 oblectavit,
684 1616 720 1673 ut
750 1609 904 1694 praeclare
933 1612 1135 1694 perpetrando
1159 1613 1260 1697 ipsum
1285 1615 1347 1698 pie·

333 1729 405 1792 tatis
428 1726 562 1790 officium
585 1724 774 1811 expleverit?

379 1844 455 1907 105.
490 1843 642 1920 συγγόνων
672 1842 774 1907 κεδνδιν
796 1842 894 1922 χάριν.
929 1842 1037 1907 Potest
1059 1843 1226 1927 significari
1249 1847 1350 1930 gratia

333 1969 364 2026 et
386 1961 503 2039 honos,
527 1960 581 2044 qui
603 1960 734 2024 mortuis
757 1958 923 2024 tribuitur:
948 1960 992 2023 its
1015 1959 1142 2034 Hesiod.
1167 1959 1227 2046 Op.
1255 1964 1318 2026 190

467 2076 530 2142 ιῦδὲ
551 2101 597 2149 τις
621 2076 733 2156 εὐόρκου
756 2077 845 2156 χάρις
868 2076 987 2162 ἔσσεται
1010 2076 1074 2142 οὐδὲ
1097 2075 1214 2144 δικνιίσν.

334 2195 452 2261 Verum
475 2194 568 2258 etiem
591 2194 689 2257 activo
713 2193 858 2278 explicari
881 2199 984 2277 potest
1006 2195 1104 2278 gratia
1123 2204 1152 2259 et
1168 2217 1271 2274 emor,
1288 2219 1350 2280 quo

336 2310 557 2397 consanguinei
580 2319 775 2396 perseverent
797 2311 889 2374 etiam
908 2313 1024 2376 mortui
1039 2313 1213 2377 meminisse
1228 2335 1348 2391 eorum,

338 2451 416 2515 quos
446 2429 637 2514 reliquerint.
684 2427 734 2492 Ita
763 2428 901 2513 Thucyd.
930 2427 984 2493 III
1014 2433 1055 2493 95
1088 2429 1271 2506 Δημοσθένης
1294 2436 1351 2496 τῶν

336 2547 508 2621 Μεσσηνίων
529 2545 632 2626 χάρισι
655 2546 797 2617 custodela:
822 2545 905 2609 Plut.
930 2544 999 2610 cat.
1022 2547 1096 2610 min.
1118 2550 1161 2611 84
1181 2547 1282 2627 xilem
1298 2557 1350 2624 τῆς

338 2663 464 2742 πόλεως,
488 2660 613 2725 Lucull.
632 2664 676 2725 35
692 2661 793 2741 χάριτι
809 2667 860 2726 τοῦ
875 2662 982 2738 δήμου.
999 2662 1101 2727 levore
1113 2663 1210 2748 uulgi.
1246 2668 1350 2749 Atque

336 2780 382 2844 ito
402 2779 481 2843 mibi
503 2778 624 2843 videtur
646 2777 698 2842 hic
719 2777 873 2843 Pindarus
896 2779 1086 2864 significare,
1111 2802 1182 2846 enm
1199 2803 1349 2857 amorem,

337 2898 392 2983 qui
415 2896 711 2980 consanguineorum
727 2917 798 2980 erga
816 2918 889 2960 suos
904 2896 1015 2975 fuerit,
1031 2897 1157 2982 pulvere
1173 2920 1235 2963 non
1251 2899 1351 2963 obrui.

338 3013 532 3097 Adjectivum
562 3012 658 3084 κεδνὸς
681 3034 743 3076 nou
767 3035 886 3098 semper
909 3022 1024 3079 certam
1048 3014 1236 3099 eundemque
1259 3016 1353 3101 signi·

336 3131 509 3195 ficationem
533 3129 645 3194 habere
668 3130 822 3196 creditur:
847 3139 928 3195 certe
951 3131 1099 3198 tribuitur
1122 3134 1149 3197 ei
1173 3133 1265 3198 etiam
1281 3156 1352 3219 pru·

338 3247 460 3311 dentiae
483 3246 683 3330 significatio,
708 3247 793 3311 velut
815 3247 870 3332 Py.
895 3247 1005 3313 Xlll
1022 3249 1117 3314 κεδνιιὶ
1130 3251 1351 3331 πολίωνκνβερ
1428 3328 1433 3336 1

339 3363 449 3436 adorsa:
474 3385 579 3428 verum
603 3354 645 3429 de
665 3387 701 3429 ea
718 3365 942 3449 significatione
958 3387 1016 3429 suo
1031 3365 1099 3430 loco
1115 3366 1352 3452 disputabimus.

339 3468 430 3545 (lette
452 3503 597 3566 persaepe
620 3489 667 3546 est
689 3482 873 3566 significatio
895 3483 1033 3546 caritatis
1056 3483 1205 3566 gratiosae
1226 3493 1257 3548 et
1273 3507 1352 3549 ama

338 3597 487 3677 bilitatis,
517 3601 711 3665 veneratione
734 3599 865 3684 quodam
890 3601 1045 3686 adjuncta.
1078 3600 1173 3668 Velut
1197 3603 1288 3669 Hom.
1311 3603 1353 3669 ·Il.

338 3716 386 3780 IX
412 3718 476 3780 586
501 3717 539 3781 de
564 3717 685 3794 amicis,
711 3719 815 3798 ἐτιιῖριι

461 3833 491 3899 ol'
506 3835 532 3898 οἱ
554 3834 718 3900 κεδνότατοι
741 3835 791 3900 καὶ
813 3836 956 3918 φίλτατοι
979 3801 1056 3910 ἦσαν
1079 3836 1228 3906 ἁπάντων.

338 3952 385 4016 De
416 3957 513 4017 matre
545 3949 605 4015 Od.
630 3951 660 4015 X
684 3954 704 4014 8
728 3954 810 4032 παρὰ
834 3954 923 4034 σνιτρὶ
947 3952 1028 4034 φίλῳ
1051 3955 1100 4020 καὶ
1123 3957 1225 4034 μητέρι
1248 3958 1352 4038 κεδνῇ,

339 4069 466 4135 Hesiod.
491 4068 605 4153 Thecg.
633 4071 706 4132 169.
753 4069 802 4133 De
825 4093 920 4136 uxore
944 4071 1072 4138 Hesiod.
1097 4071 1156 4158 Op.
1184 4076 1248 4161 629

458 4187 627 4266 νιιιρδενικὶιν
650 4185 680 4250 δὲ
701 4193 815 4264 γαμεῖν
837 4185 883 4251 ἵνα
906 4188 976 4263 ἤθεσι
999 4190 1085 4254 κεδνδι
1108 4189 1233 4272 διδάξῃς.

337 4302 413 4367 Ilur.
438 4301 506 4366 Alc.
532 4304 573 4367 97
590 4303 690 4377 κεδνῆς
705 4304 853 4379 γυναικός.
887 4304 1011 4370 Chorus
1026 4329 1112 4384 vero,
1133 4309 1213 4385 620,
1229 4307 1355 4373 laudate

339 4418 506 4484 domestica
530 4419 654 4484 Admeti
676 4420 887 4506 hospitalitate
907 4424 1069 4508 omnisque
1084 4425 1203 4509 generis
1219 4425 1354 4505 virtute,
