3725 5542
989 717 1055 776 446

513 917 531 986 Ι
560 922 603 982 48
631 927 664 982 et
689 919 762 980 115.
798 911 877 980 Vide
900 935 979 997 quae
1003 914 1216 979 annotavimus
1239 913 1278 977 ad
1302 913 1352 978 Ol.
1380 913 1425 978 VI
1453 917 1529 979 145.

511 1037 615 1121 Igitur
644 1038 677 1100 in
699 1037 837 1100 ιίσιιεῑτιιι
859 1033 952 1096 eredo
976 1055 1041 1096 esse
1064 1031 1319 1116 significationem
1343 1033 1530 1096 exercendae

512 1154 611 1236 ipsius
630 1152 786 1236 justitiae:
811 1150 896 1214 velut
920 1148 1009 1212 Nem.
1035 1148 1083 1212 XI
1107 1151 1127 1212 9

711 1266 803 1344 ξενίου
825 1266 896 1336 Διὸς
917 1265 999 1340 θέμις
1023 1265 1160 1330 ἀσκεῖται
1183 1265 1313 1336 ἀεννάοις

717 1383 748 1448 ἓν
768 1380 938 1463 τραπέζαις.

510 1501 605 1586 Soph.
633 1499 712 1564 Oed.
736 1498 804 1564 col.
828 1501 893 1562 918
917 1499 1005 1563 um·
1027 1498 1177 1563 ἄσκιῦσιιν
1191 1498 1285 1561 πόλιν.
1320 1495 1409 1560 Plato
1432 1496 1528 1580 Gorg.

516 1621 579 1683 527
611 1642 628 1681 1
657 1620 711 1692 τὴν
738 1617 917 1691 δικαιοσύνην
945 1617 995 1680 sat
1026 1617 1079 1690 τὴν
1107 1617 1203 1690 ἄλλην
1224 1617 1330 1693 ἀρετὴν
1351 1617 1527 1686 murac.

516 1736 639 1800 Dicitur
660 1742 764 1798 autern
786 1732 911 1797 Themis
930 1734 1061 1812 Σέτειριι
1076 1732 1197 1796 solenni
1212 1732 1337 1817 quidem
1352 1753 1409 1795 nec
1425 1741 1527 1796 111111

514 1851 638 1937 proprio
673 1850 875 1935 cognomine:
912 1848 1018 1912 eodem
1055 1849 1135 1912 enim
1170 1849 1338 1934 insignitur
1367 1849 1434 1933 ejus
1465 1849 1528 1912 filia

512 1969 666 2032 Eunomia
689 1967 742 2031 Ol.
765 1966 814 2030 IX
838 1969 891 2030 25.

557 2088 611 2150 80.
645 2083 711 2150 ὅτι
733 2089 802 2166 γὰρ.
837 2082 996 2148 Particula
1018 2083 1149 2147 causalis
1169 2083 1201 2146 11
1219 2083 1332 2166 protasi
1349 2083 1449 2168 posita
1464 2091 1526 2159 est,

512 2224 599 2266 versu
632 2205 675 2268 88
706 2204 735 2267 δὲ
766 2204 798 2266 in
831 2201 968 2286 apodosi.
1014 2201 1163 2265 Similiter
1185 2199 1237 2264 Ol.
1262 2200 1310 2263 [X
1337 2203 1416 2276 158,
1446 2201 1522 2276 162,

511 2321 571 2386 ἐπὶ
592 2322 653 2400 γὰρ
674 2355 720 2370 -
742 2325 828 2384 τοῦτο
851 2319 891 2384 δέ.

557 2439 611 2501 81.
645 2438 722 2502 πολὺ
744 2436 795 2500 eal
817 2444 929 2519 πολλᾷ.
964 2438 1045 2500 Πολὺ
1065 2443 1111 2500 est
1126 2457 1237 2499 nomeu
1253 2434 1455 2520 adjectivum,
1471 2433 1526 2499 sed

513 2554 627 2638 pariter
657 2575 692 2616 ac
715 2561 816 2637 πολλᾷ
839 2552 1031 2616 referendum
1057 2552 1275 2632 1111111ῤὲ111
1321 2550 1524 2628 Plutarchus,

373 2735 379 2746 ,
512 2670 588 2736 11111.
601 2674 634 2747 9,
646 2671 766 2736 ἐνέκειτο
775 2673 816 2752 τῷ
828 2670 909 2747 δήμῳ
920 2669 1023 2742 πολύς.
1048 2669 1169 2754 Philop.
1187 2672 1237 2747 17,
1251 2673 1268 2746 ἡ
1283 2669 1308 2732 δ’
1323 2670 1413 2749 ἰσχὺς
1429 2671 1525 2744 ruauh

511 2789 622 2868 ἐχώρει.
668 2789 750 2852 Πολὺ
780 2787 932 2871 siguificat
961 2786 1192 2851 multitudinem
1217 2809 1335 2865 rerum,
1360 2809 1439 2872 quae
1461 2807 1525 2850 ver·

510 2911 607 2989 gunt,
631 2911 733 2986 πολλᾷ
755 2903 1000 2988 magnitudinem
1024 2905 1264 2981 inconstantiae,
1288 2927 1351 2989 qua
1372 2905 1405 2968 iu
1427 2904 1524 2968 varias

512 3030 613 3108 partes
643 3031 784 3106 vergunt.
830 3019 929 3085 Notat
957 3021 1053 3086 Poeta
1074 3022 1234 3086 commoda
1257 3030 1288 3086 et
1306 3023 1392 3108 jura,
1417 3043 1523 3086 causas

510 3148 543 3205 et
571 3139 696 3223 negotia
726 3138 956 3223 peregrinorum
987 3145 1017 3201 et
1047 3146 1268 3216 mercatorum,
1299 3160 1432 3224 quorum
1459 3148 1524 3202 erat

511 3257 649 3340 Aeginae
678 3255 788 3340 iugens
819 3255 997 3319 multitudo.
1044 3255 1178 3320 Mutatio
1201 3257 1348 3320 mercium
1371 3255 1413 3321 ihi
1439 3265 1522 3320 tanta

510 3373 587 3452 luit,
610 3381 648 3437 ut
669 3394 803 3450 merces,
827 3393 907 3456 quae
929 3373 999 3437 aliis
1021 3375 1174 3438 mercibus
1197 3375 1301 3459 potius
1317 3382 1524 3460 permutaren-

510 3499 562 3556 tur
592 3513 685 3576 quam
712 3490 841 3574 11111111
865 3489 1084 3570 venderentur,
1108 3492 1234 3556 omniuo
1253 3491 1376 3556 nomine
1392 3491 1525 3577 appella·

509 3609 574 3672 tivo
608 3628 723 3670 merces
757 3607 954 3691 Aegineticae
986 3607 1085 3672 dictae
1120 3607 1252 3685 fuerint,
1285 3617 1316 3673 et
1343 3617 1522 3674 cunctarum

509 3745 612 3788 rerum
634 3730 816 3786 mercatores
832 3723 1051 3808 Aeginopolae.
1088 3723 1178 3788 Certe
1194 3725 1255 3788 tale
1271 3727 1441 3810 emporium
1458 3727 1523 3790 siue

509 3862 630 3905 summa
645 3840 800 3923 aequitate
823 3849 855 3903 et
881 3841 1004 3924 justitie
1028 3839 1135 3906 florere
1150 3863 1212 3906 uon
1229 3843 1342 3926 potuit.
1377 3841 1523 3928 Disputat

510 3960 549 4024 de
568 3960 639 4043 jure
661 3959 829 4044 peregrinis
851 3958 987 4024 dicundo
1010 3959 1115 4039 Plato,
1137 3960 1184 4024 De
1199 3959 1294 4046 Legg.
1312 3959 1377 4024 XII
1394 3985 1423 4047 p.
1442 3963 1522 4038 952,

511 4078 593 4154 958,
617 4076 710 4141 etde
732 4078 799 4162 ejus
821 4079 866 4141 rei
888 4076 1088 4154 difficultate,
1113 4077 1161 4141 IV
1178 4081 1252 4144 ⁷05.
1288 4078 1330 4142 Et
1344 4080 1390 4142 ita
1405 4080 1524 4164 Aegina

510 4193 633 4272 floruit,
658 4201 694 4257 ut
716 4193 760 4258 ihi
784 4194 900 4259 luerint
922 4195 1147 4280 quadringenta
1170 4205 1201 4259 et
1216 4197 1412 4281 septuaginta
1426 4195 1524 4261 millia

510 4332 685 4388 servorum,
709 4311 878 4375 secuudum
900 4313 1108 4376 testimonium
1125 4313 1311 4378 Aristotelis.
1343 4312 1423 4377 Vide
1439 4313 1526 4378 scho-

507 4428 549 4492 lia
579 4439 611 4492 et
641 4428 854 4504 Athenaeum,
885 4427 922 4491 L.
954 4427 1002 4491 VI
1037 4452 1066 4514 p.
1099 4432 1174 4494 272.
1223 4429 1324 4494 11111111
1356 4429 1446 4496 Nem.
1471 4429 1523 4494 III
