3725 5542
830 737 893 799 267

398 944 450 1005 54.
491 941 643 1020 μάρτυρες.
685 938 809 1003 Scilicet
840 944 891 1003 τοῦ
922 944 1027 1003 πιστοῦ
1051 938 1114 1001 sive
1136 946 1190 1011 τῆς
1213 939 1366 1009 οὶιιοιίείοις.

350 1058 401 1123 Sic
424 1058 475 1123 Ol.
500 1058 529 1122 Χ
555 1060 596 1121 65
617 1060 631 1123 ὃ
654 1057 822 1137 ἐξελέγχων
838 1056 922 1132 ‚edam
939 1056 1081 1121 οὶειίίειοιν
1096 1056 1240 1133 ἐτήτυμον
1254 1057 1366 1137 χρόνος.

397 1179 450 1242 57.
485 1178 573 1253 μείων
595 1176 655 1256 γὰρ
678 1176 770 1240 atria.
807 1172 1059 1259 comparativum
1080 1195 1198 1258 ponens
1214 1174 1369 1259 significat

351 1294 464 1372 Poeta,
496 1294 618 1378 culpem
650 1292 780 1358 inveniri
811 1314 901 1377 posse
929 1290 976 1355 vel
1009 1291 1151 1356 bonade
1175 1292 1243 1356 Diis
1267 1291 1368 1355 dicere

352 1413 499 1499 cupienti.
546 1412 587 1477 Of
619 1411 794 1477 dissertatio
828 1418 932 1475 nostra
966 1410 1005 1475 de
1039 1409 1166 1474 Pindari
1198 1410 1366 1495 sapientia,

353 1532 388 1597 C.
412 1532 430 1595 I
451 1534 510 1618 §1
539 1554 609 1617 pug.
635 1534 664 1597 7.

400 1653 453 1715 58.
488 1653 532 1715 οὲ.
568 1648 686 1713 Pendet
711 1649 761 1713 hie
785 1649 977 1714 aecusativus
1002 1650 1040 1713 ab
1062 1648 1196 1731 ιὶρπιίσοιι
1220 1672 1262 1712 vs.
1288 1651 1339 1712 64.

400 1772 453 1833 59.
491 1769 580 1833 ἀντίοι
610 1768 757 1848 προτέρων.
794 1766 859 1847 Qui
890 1767 1006 1832 luerint
1037 1768 1229 1852 potissimum
1261 1768 1371 1831 veteris

354 1887 393 1951 de
415 1886 528 1971 Pelope
553 1885 727 1951 traditionis
751 1896 908 1965 suctores,
942 1908 1004 1951 nou
1028 1896 1170 1971 apparet:
1200 1884 1284 1971 apud
1308 1885 1371 1949 Ho-

355 2031 473 2073 merum
490 2016 520 2075 et
536 2008 706 2073 Hesiodum
723 2009 839 2073 mentio
855 2007 980 2093 quidem
996 2006 1083 2071 nulla
1097 2007 1136 2071 de
1152 2004 1303 2071 estabula
1314 2012 1370 2069 est.

401 2131 453 2193 69.
490 2128 623 2193 ἐκάλεσε.
649 2126 772 2193 Scilicet
793 2128 890 2203 θεούς,
914 2150 930 2191 e
955 2149 998 2191 vs.
1024 2127 1077 2189 68.

402 2248 454 2311 69.
488 2244 584 2325 ίροινον
607 2246 669 2311 dici
692 2245 798 2331 epulas
822 2268 856 2311 ex
881 2246 957 2330 ipsis
980 2245 1179 2310 convivarum
1202 2243 1292 2307 donis
1309 2242 1369 2307 col·

357 2365 434 2429 latas
465 2364 540 2429 satis
571 2370 680 2429 notum
712 2371 775 2429 est:
807 2386 886 2449 quac
913 2364 1098 2450 significatio
1121 2363 1195 2427 huic
1217 2362 1286 2427 loco
1309 2384 1371 2425 non

358 2483 517 2560 conuenit,
549 2480 602 2547 sed
634 2480 847 2566 significantur
878 2482 988 2567 epulae
1018 2503 1121 2547 amore
1150 2490 1183 2545 ct
1213 2480 1372 2544 voluntate

357 2599 487 2666 oblatae.
533 2598 659 2665 Letiore
690 2622 781 2665 seusu
812 2599 907 2682 ἓριινος
938 2601 1065 2665 omnino
1095 2608 1142 2664 est
1168 2600 1285 2664 donum
1307 2620 1373 2683 gra·

359 2719 490 2797 tuntum,
522 2718 607 2783 velut
630 2716 738 2804 Eurip.
763 2717 838 2805 Sup.
864 2720 928 2785 36³
954 2718 1070 2784 dicitur
1093 2718 1131 2783 de
1155 2718 1257 2784 labore
1281 2740 1372 2803 quem

358 2838 444 2903 liberi
477 2844 602 2923 propter
633 2844 785 2922 parentes·
805 2837 996 2915 sustineant,
1030 2837 1201 2923 praemium
1227 2836 1373 2903 olibetis

361 2954 529 3041 aliquando
552 2954 705 3021 habituri:

492 3070 651 3138 ιιιίλλιοπον
674 3072 768 3153 ἔρανον
790 3072 854 3145 δοὺς
877 3073 937 3154 γοίρ
959 3073 1153 3156 ἀντιλάζυται

493 3190 603 3255 παίδων
625 3194 695 3269 παρ’
717 3191 808 3257 αὑτοῦ
830 3192 928 3271 τοιοίδ’,
953 3191 990 3258 ἂν
1012 3199 1126 3259 τοκεῦσι
1149 3192 1196 3272 δῷ.

361 3308 402 3373 Et
432 3308 514 3395 apud
546 3307 706 3373 Platonem
737 3309 776 3373 de
806 3309 886 3395 legg.
915 3309 964 3374 xl
988 3313 1052 3375 915
1080 3312 1262 3376 enniverse
1285 3312 1375 3387 ἔροονοι

360 3437 434 3494 sunt
457 3428 554 3506 dona,
578 3450 657 3513 quae
679 3428 750 3514 quis
774 3428 811 3493 eb
835 3430 941 3495 amicis
965 3430 1107 3515 colligat,
1132 3440 1163 3495 et
1179 3434 1242 3497 997
1262 3430 1376 3495 dicitur

361 3554 445 3611 tutor
475 3546 523 3624 id,
556 3545 640 3631 quod
663 3546 745 3613 orbis
770 3546 977 3632 benefecerit,¹
1001 3548 1097 3627 ἔροινον
1119 3547 1260 3630 εἰσφέρειν
1282 3551 1376 3629 taor&

360 3689 394 3729 τε
424 3664 475 3729 aal
503 3670 563 3737 τοῖς
594 3665 709 3729 ἑαυτοῦ.
736 3702 782 3715 -
804 3664 842 3729 In
866 3664 914 3729 his
937 3666 1012 3750 ipsis
1035 3666 1154 3752 epulis,
1178 3666 1233 3731 sed
1256 3666 1378 3752 Pelopis

361 3784 510 3868 sanguine
527 3782 711 3861 cruentatis,
732 3784 791 3848 hoc
809 3806 922 3849 nomen
939 3786 1065 3870 ponitur
1082 3785 1191 3872 Eurip.
1208 3784 1279 3850 Hel.
1294 3788 1377 3849 388:

361 3902 432 3978 ἡνίκ’
454 3900 549 3981 ἔροινον
572 3903 601 3973 e
624 3902 701 3974 ίεοὺς
717 3903 841 3981 πρισίείς
857 3904 971 3975 ἐποίεις.
989 3940 1036 3953 --
1052 3904 1379 3990 Adjectivumstaomt-
1409 3969 1414 3977 ,

359 4044 449 4085 ποοτον
469 4042 484 4084 a
501 4019 597 4084 Poeta
613 4019 748 4104 positum
765 4018 955 4085 arbitrantur
971 4020 1113 4085 nonnulli
1128 4021 1165 4085 ad
1182 4022 1377 4086 avertendam

361 4160 379 4203 s
408 4137 531 4201 Tantali
562 4136 662 4222 epulis
692 4137 771 4201 caesi
803 4136 926 4222 Pelopis
957 4138 1177 4223 ignominiam:
1211 4139 1376 4223 significari

361 4256 464 4343 potius
487 4256 579 4321 credo
602 4255 738 4320 debitum
764 4256 832 4321 Diis
855 4255 1018 4335 honorem,
1043 4280 1134 4343 quem
1149 4256 1212 4321 illis
1227 4255 1376 4327 Tantalus

348 4374 556 4462 apranstiterit.

409 4494 461 4557 ee.
506 4492 612 4572 Φίλιον.
648 4490 716 4555 Diis
739 4490 892 4559 dilectam.
