3725 5542
794 738 857 799 529

363 935 486 1020 Sisyphi
517 936 642 1019 quidem
673 946 704 999 et
737 935 864 1000 Medeae
896 936 977 1000 sume
1007 958 1070 999 uon
1094 937 1132 999 sb
1156 937 1239 999 omni
1263 935 1332 1000 tube
1441 945 1444 953 ’

322 1052 403 1137 opud
431 1054 595 1139 scriptores
626 1062 658 1117 et
688 1061 794 1137 poetes
826 1054 968 1139 antiquos
1002 1054 1146 1119 immunis
1174 1054 1252 1132 fuit,
1277 1074 1332 1117 neo

322 1176 455 1233 extremo
481 1170 547 1239 fsto
566 1169 824 1255 Bellerophontae
848 1170 1010 1255 praeclaris
1034 1172 1247 1235 convenientis
1270 1172 1334 1235 iue-

321 1293 393 1349 runt
422 1285 536 1351 initiis:
565 1308 670 1356 rerum
700 1288 745 1351 itu
776 1286 834 1351 hoo
856 1308 978 1351 cutmen
1002 1288 1035 1351 in
1058 1286 1247 1352 celebrandis
1270 1287 1335 1352 lou·

322 1401 412 1466 dibus
443 1404 533 1467 unies
564 1404 700 1487 positum
731 1412 795 1481 ost,
829 1411 867 1467 ut
889 1404 1001 1468 horum
1024 1425 1147 1488 quoque
1172 1406 1334 1489 praeconio

322 1518 494 1584 continent:
528 1520 625 1585 totius
660 1520 804 1585 oorminis
837 1520 915 1584 rutio
951 1522 1038 1604 qussi
1070 1521 1252 1603 proponitur
1285 1521 1334 1584 his

322 1634 439 1713 verbis,
462 1658 497 1698 vs
524 1638 582 1712 14,

632 1753 695 1833 ἔχω
717 1752 800 1818 sabai
821 1777 857 1817 τε
878 1752 1004 1834 φράσοι.

369 1988 398 2049 1.
433 1986 715 2065 Τρισολωριτιονίιιιιν
738 1969 827 2069 οἷκον,
851 1984 967 2065 ἅμερον.
1003 1984 1115 2051 Tribus
1138 1986 1335 2070 conspicuum

323 2102 457 2165 victoriis
480 2100 634 2187 Olympiis
654 2102 780 2166 domum
796 2102 948 2186 appellet,
965 2102 1181 2189 Xenophontis
1197 2104 1334 2179 duobus,

323 2239 385 2281 uuo
406 2218 503 2303 petris
527 2220 602 2302 eJ'us.
649 2218 761 2282 Mitem
782 2217 901 2283 civibus
925 2218 1073 2303 appellari
1097 2221 1241 2285 nonnulli
1260 2220 1336 2283 exis·

322 2333 449 2411 timont,
470 2334 544 2418 quis
558 2355 651 2418 penos
666 2334 828 2418 optimates
844 2341 980 2418 potestus
996 2333 1138 2399 Corinthi
1155 2335 1263 2412 fuerit,
1281 2334 1335 2399 ills

323 2457 426 2515 sutem
441 2472 517 2534 gens
531 2449 747 2535 Xenophontis
762 2473 799 2515 ou
811 2450 1015 2536 'optimatibus
1028 2451 1153 2535 quidem
1165 2473 1222 2515 neo
1233 2459 1337 2516 tomen

323 2565 454 2651 superbo
477 2588 549 2652 orgo
570 2566 731 2651 populum.
768 2565 884 2631 Verum
907 2573 939 2631 et
961 2588 1072 2631 nomen
1093 2567 1206 2632 civium
1223 2574 1255 2631 et
1270 2565 1337 2631 leus

323 2683 476 2747 comitutis
498 2682 592 2747 letius
615 2690 719 2768 putere
741 2683 818 2747 mihi
837 2682 976 2761 ridetur,
997 2690 1028 2747 et
1043 2682 1207 2769 significari
1224 2683 1339 2747 domus

323 2799 538 2886 Xenophontis
569 2823 675 2865 omens
702 2802 819 2886 putrise
842 2802 1019 2886 uiriumque
1042 2802 1210 2867 commodis
1233 2801 1338 2866 dedite

323 2926 354 2982 et
376 2918 517 2983 studiose
539 2918 730 2983 oouoordioe.

369 3039 400 3101 8.
434 3038 606 3118 θεράποντα.
642 3036 714 3102 Non
745 3061 819 3103 sune
848 3038 986 3101 servilem
1011 3037 1165 3121 quondum
1188 3036 1339 3121 signifiea-

321 3153 438 3217 tionem
462 3152 572 3230 hebet,
596 3154 650 3218 sed
674 3155 826 3220 omioitiuo
849 3163 881 3219 et
903 3154 1028 3219 auxilii:
1046 3162 1139 3238 etque
1156 3153 1231 3217 hoeo
1247 3154 1338 3217 etiem

325 3269 408 3355 opud
440 3270 609 3336 Homerum
642 3272 826 3356 significatio
849 3281 913 3349 est,
939 3272 993 3337 ubi
1016 3271 1059 3350 ir,
1084 3271 1139 3355 qui
1162 3278 1209 3339 est
1232 3269 1339 3335 fidissi·

323 3410 393 3452 mus
424 3388 525 3451 socius
555 3389 590 3456 iu
620 3390 730 3466 ermis,
763 3389 822 3453 hoe
844 3389 970 3454 nomine
993 3388 1165 3454 indicetur:
1190 3388 1275 3453 velut
1298 3387 1336 3451 Il.

320 3504 401 3568 XVI
424 3508 490 3568 464
512 3506 694 3583 ἀγακλειτὸν
717 3509 929 3586 Θροισυρινὶλον,

456 3619 487 3695 ὅς
508 3626 532 3703 ρ”
553 3623 605 3697 stirs
627 3622 756 3702 θεροὶτων
780 3623 961 3704 Σωρπῆδονος
985 3620 1033 3699 ἦεν
1054 3622 1190 3694 ἄνοικτος.

320 3738 437 3802 Similis
476 3748 577 3803 eutem
613 3747 661 3803 est
694 3724 820 3824 prorsus
856 3739 884 3803 ei
917 3737 1022 3817 laudi,
1058 3760 1150 3822 quern
1185 3738 1337 3803 Pindarus

322 3854 525 3938 Xenophonti
557 3855 686 3933 tribuit,
723 3856 793 3934 illu,
829 3878 907 3939 quse
938 3857 997 3941 ipsi
1027 3855 1161 3920 Pindaro
1191 3854 1337 3920 tribuitur

241 4016 245 4023 -
323 3971 452 4035 Anthol.
477 3969 543 4035 VII
566 3974 608 4035 sb

407 4089 550 4167 Ἀρμενος
574 4084 607 4161 ἦν
629 4088 757 4164 ξείνοισιν
780 4091 849 4171 ἀνὴρ
872 4088 922 4155 ὅδε
944 4090 994 4155 κω)
1017 4091 1104 4172 φίλος
1126 4092 1245 4168 ἀστοῖς,

501 4205 659 4283 Πίνδαρος,
683 4207 817 4287 εὐφώνων
839 4207 972 4286 Πιερίδων
995 4207 1147 4287 πρόπολος.

368 4326 399 4385 3.
435 4323 596 4400 ρνῶσοριοι.
632 4322 804 4387 Scholiasta
828 4332 916 4387 vetus
940 4324 1071 4409 explieat
1094 4326 1123 4397 ἐς
1146 4332 1250 4401 γνῶσιν
1273 4324 1334 4402 ἄξω

318 4438 371 4503 κιο)
396 4435 523 4517 ὑμνήσω.
556 4438 696 4524 Itemque
720 4439 1003 4525 interpretationem
1022 4439 1162 4527 Heynius
1179 4443 1334 4528 sequitur,

1172 4564 1209 4618 34
