3725 5542
918 744 921 753 ·
1011 715 1078 779 484

535 915 654 992 lusu,
672 914 727 978 nbi
743 911 890 997 Megillus
905 910 1182 991 Lacedaemonius,
1200 915 1300 977 avitus
1317 913 1557 979 Atheniensium

537 1054 709 1118 proxenus,
735 1033 799 1117 jam
822 1052 918 1115 puero
941 1031 999 1095 sibi
1023 1031 1162 1096 Athenas
1182 1032 1271 1117 juxte
1294 1031 1557 1097 Lacedaemonem

536 1152 708 1215 carissimas
738 1142 838 1215 'fluisse
868 1152 1047 1236 profitetur,
1080 1151 1201 1236 sibique
1231 1172 1314 1215 nanc
1345 1149 1556 1215 dulcissimam

536 1269 672 1333 accidere
708 1269 840 1332 hominis
876 1268 1074 1333 Atheniensis
1105 1269 1363 1334 consuetudinem
1395 1268 1556 1353 ipsamque

536 1407 651 1451 rocem.
697 1384 977 1469 Lampromaclinm
1006 1394 1109 1451 autem
1131 1408 1169 1449 ex
1192 1385 1326 1451 Pindaro
1350 1385 1556 1469 intelligimus

537 1504 633 1569 inisse
655 1502 830 1567 Thebarum
853 1503 937 1587 apud
960 1502 1117 1588 Opuntius
1142 1526 1329 1589 proaenum=
1355 1504 1435 1568 hane
1449 1512 1555 1568 auteur

536 1623 669 1686 civitatis
699 1644 774 1686 suae
804 1643 875 1686 cnm
906 1621 962 1685 illo
995 1620 1252 1687 necessitudinem
1276 1622 1372 1686 Poeta
1394 1622 1469 1687 dicit
1493 1623 1556 1687 sibi

536 1760 659 1804 oausam
690 1738 784 1803 inisse
807 1739 899 1824 hujus
922 1738 1058 1803 donandi
1081 1739 1243 1815 carminis,
1267 1748 1335 1805 tum
1358 1762 1430 1805 vero
1454 1742 1554 1825 ipsam

536 1878 660 1941 qnoque
690 1857 756 1942 ejus
785 1857 842 1920 viri
872 1857 1036 1934 virtutem,
1060 1856 1200 1921 Isthmiis
1225 1856 1384 1942 probatam
1407 1857 1555 1923 victoriis.

535 1973 652 2039 Verum
675 1996 772 2058 quum
796 1974 855 2038 lroc
877 1996 999 2039 carmen
1022 1973 1231 2059 Epharmosto
1254 1974 1371 2039 lactum
1387 1976 1443 2052 sit,
1459 1975 1556 2059 idque

535 2100 637 2155 tamen
673 2090 769 2154 Poeta
798 2089 1035 2175 Lampromaohi
1066 2112 1158 2155 neusa
1187 2090 1295 2155 iecerit
1326 2098 1357 2155 et
1389 2091 1428 2155 ad
1457 2090 1556 2175 hujus

536 2227 661 2291 quoqne
682 2205 807 2270 landem
829 2206 982 2290 pertinere
1005 2206 1154 2283 voluerit,
1178 2207 1262 2270 hunc
1285 2206 1482 2292 lipharmosti
1501 2228 1557 2293 ap-

536 2331 623 2408 paret
647 2323 693 2388 vel
716 2322 987 2388 familiarissimum
1008 2324 1102 2389 inisse
1119 2323 1166 2388 rel
1181 2325 1456 2408 consanguineum.
1491 2324 1557 2389 Da-

536 2444 592 2509 tivi
614 2442 748 2525 πρσξενίρ
766 2452 798 2506 et
819 2443 911 2525 ἀρετᾷ
935 2464 1057 2507 eausam
1081 2442 1166 2506 verbi
1188 2438 1270 2517 ἦλθον
1294 2440 1480 2507 ostendunt:
1502 2442 1558 2506 da·

536 2562 620 2626 tivus
642 2562 760 2640 μίτραις
784 2560 949 2644 adjunctus
972 2568 1019 2623 est
1042 2558 1192 2623 vocabulo
1214 2559 1359 2635 τιμὶῡρθς.

585 2680 659 2743 124.
689 2672 781 2750 ἦλθον.
806 2676 854 2740 De
865 2675 1044 2761 hujusmodi
1055 2675 1190 2740 dictione
1203 2676 1322 2760 poetica
1333 2697 1423 2761 ssepe
1435 2676 1559 2740 monui·

537 2817 621 2871 mus,
643 2793 785 2858 velutad
804 2791 856 2857 Ol.
876 2792 893 2857 Ι
916 2795 956 2855 16
976 2794 1005 2863 ἐς
1024 2794 1142 2867 Ἱέρωνος
1161 2793 1260 2857 ἑστίαιν
1276 2794 1437 2874 ἱκομένους,
1454 2792 1471 2857 Ι
1489 2794 1556 2857 179

535 2915 607 2989 παρ’
627 2912 765 2976 εὐδείελον
784 2912 871 2975 ἐλθὼν
890 2910 1015 2989 Κρόνιον,
1035 2908 1100 2973 VII
1120 2912 1163 2974 24
1182 2911 1234 2975 eiu
1254 2911 1389 2993 Διαγόρᾳ
1407 2910 1557 2985 κατέβαν.

585 3032 659 3092 124.
693 3028 838 3107 τιμάορος.
873 3026 1036 3107 Quantum
1051 3027 1145 3091 fuerit
1162 3029 1195 3091 in
1212 3026 1397 3093 Graecorum
1418 3027 1558 3092 moribus

536 3144 705 3210 ulciscendi
735 3143 875 3208 studium
905 3151 1062 3222 mortuos,
1095 3166 1132 3207 er
1162 3144 1292 3209 Achillis
1316 3168 1389 3209 sane
1412 3144 1557 3230 exemplo

536 3274 662 3347 apparet
696 3262 780 3346 apud
815 3260 1004 3325 Homerum:
1038 3284 1138 3345 neqne
1173 3270 1275 3325 tamen
1298 3261 1331 3326 id
1351 3262 1488 3327 studium
1515 3284 1557 3327 ex

536 3380 640 3463 aliqua
669 3378 852 3444 crudelitate
883 3378 1083 3464 repetendum
1108 3388 1171 3456 est,
1196 3402 1302 3443 rernm
1325 3400 1362 3444 ex
1385 3378 1556 3464 adjuvandi

536 3497 697 3582 opinione,
722 3517 820 3580 quum
842 3518 909 3572 eos,
934 3518 1013 3579 quos
1036 3498 1121 3561 vivos
1144 3496 1224 3561 tueri
1244 3498 1308 3581 jam
1331 3519 1393 3561 non
1410 3506 1554 3582 possent,

536 3620 639 3677 tamen
663 3634 749 3677 caros
772 3612 930 3678 heberent.
967 3612 1049 3677 Hine
1073 3612 1219 3698 explicari
1242 3622 1343 3698 potest
1362 3614 1556 3679 incredibilis

536 3732 569 3795 iu
600 3730 744 3795 Hectoris
774 3752 900 3816 corpore
931 3730 1069 3795 vexando
1101 3730 1232 3795 Achillis
1264 3730 1446 3809 crudelitas,
1474 3732 1558 3817 ejus-

536 3848 669 3931 demque
696 3849 730 3911 in
753 3848 875 3912 Priamo
898 3848 1085 3932 nlloqnendo
1108 3856 1139 3913 et
1162 3848 1349 3913 consolando
1373 3849 1556 3913 eximialru-

537 3966 667 4030 manitas
690 3975 722 4029 et
743 3966 864 4030 ueritas.
898 3965 1017 4031 Verum
1039 3989 1076 4032 ex
1100 3989 1136 4031 eo
1160 3988 1243 4031 more
1262 3966 1458 4055 repetendam
1475 3968 1557 4031 exis-

536 4085 612 4147 timo
643 4084 675 4147 in
698 4105 837 4147 sermone
860 4083 979 4149 Graeco
1003 4082 1239 4161 vocabulorum,
1264 4108 1341 4169 quee
1366 4084 1553 4163 vindictam,

536 4208 570 4265 et
602 4222 725 4279 eornm,
762 4223 841 4285 quae
875 4200 1025 4266 auxilium
1060 4202 1250 4285 significant,
1284 4204 1553 4287 permutationem.

537 4316 634 4383 Velut
667 4318 749 4403 apud
779 4318 874 4403 soph.
907 4317 985 4382 Oed.
1016 4317 1052 4383 T.
1086 4322 1147 4383 141
1181 4317 1320 4404 Oedipus
1350 4320 1452 4385 caedis
1482 4319 1556 4405 Laji

536 4436 689 4501 vindicem
711 4458 745 4500 se
766 4445 925 4500 strennum
948 4436 1013 4500 lore
1036 4436 1213 4522 profitetur:
