3725 5542
807 743 868 803 521

338 954 496 1027 haustam,
525 948 612 1013 auxit
642 966 708 1008 eam
740 941 852 1006 civium
882 956 1012 1002 numero
1039 956 1074 997 ea
1097 929 1233 1006 colonia,
1257 948 1349 1011 quam

335 1068 584 1155 sIgaificavimus.
619 1063 703 1127 Olim
727 1081 798 1125 vero
816 1057 923 1121 Minos¹
936 1055 968 1118 in
984 1048 1194 1137 persequendo
1211 1042 1348 1109 Daedalo

336 1190 370 1253 in
404 1186 539 1251 Siciliam
573 1182 745 1268 pervenisse
779 1175 818 1240 ad
852 1196 888 1239 ea
918 1172 1002 1248 loce,
1033 1169 1065 1233 in
1099 1165 1213 1253 quibus
1245 1168 1352 1248 postea

337 1308 539 1393 Agrigentum
575 1301 734 1367 conditum
769 1303 833 1372 est,
867 1293 974 1376 ibique
1004 1287 1156 1353 interiisse
1189 1287 1348 1348 narratur:

336 1448 406 1490 ossa
428 1446 498 1487 vera
521 1423 587 1506 ejus
609 1418 732 1484 occulta
752 1415 807 1479 diu
831 1413 869 1477 ab
893 1413 960 1496 ipso
984 1409 1108 1473 demum
1121 1403 1265 1473 Therone
1280 1399 1353 1463 Ore·

335 1542 474 1608 tensibus
497 1545 570 1604 sunt
592 1535 728 1602 reddita:
751 1531 842 1596 Diod.
858 1529 918 1593 Sic.
936 1525 983 1591 IV
1000 1528 1051 1591 79.
1089 1522 1131 1587 Et
1146 1526 1228 1585 certe
1244 1516 1349 1581 Cnosii

334 1661 389 1726 illa
415 1682 484 1723 ossa
505 1656 655 1741 recepisse
676 1650 806 1738 putandi
829 1654 919 1723 sunt,
945 1652 1067 1709 vetusta
1089 1640 1169 1725 regis
1194 1635 1347 1723 gloriosis·

335 1778 406 1842 simi
429 1777 551 1842 civitas:
580 1772 672 1837 Hom.
697 1769 758 1833 Od.
784 1765 863 1832 XIX
888 1766 952 1829 178

402 1900 475 1958 τοῖσι
498 1893 523 1956 δ’
545 1890 584 1955 ru
606 1886 737 1957 Kaoccde
760 1881 883 1961 μεγάλη
907 1879 1009 1951 πόλις·
1034 1876 1100 1941 iaia
1122 1899 1156 1940 τε
1179 1870 1278 1943 Μίνως

407 2008 532 2087 ἐννέωρος
555 2006 697 2085 βασίλευε
720 2001 789 2073 Arde
812 1998 951 2079 pereites
973 1994 1115 2073 ὀαριστής.

339 2126 386 2191 Of.
410 2126 520 2190 Strabo
543 2123 581 2188 L.
606 2122 637 2186 X
660 2142 729 2207 pag.
753 2120 837 2194 476,
862 2116 944 2179 Arm.
971 2115 1045 2178 ⁷30.
1079 2109 1147 2173 Tali
1170 2088 1355 2192 igitur'mu·

338 2266 409 2308 nere
441 2265 459 2306 a
488 2241 629 2305 Therone
664 2237 779 2302 ornatis
812 2255 924 2318 magua
957 2238 1038 2295 certe
1074 2226 1195 2291 Onosiis
1229 2222 1354 2287 incessit

337 2361 449 2425 amoris
480 2359 564 2423 illius
595 2354 781 2421 existimatio
811 2361 842 2417 et
873 2372 944 2415 oum
975 2348 1030 2413 illo
1057 2343 1272 2419 necessitudo,
1296 2362 1352 2405 nec

335 2477 509 2544 mirandum
533 2482 596 2554 est,
620 2473 657 2539 ad
681 2472 771 2538 illum
787 2469 981 2557 potissimum
997 2462 1173 2549 Ergotelem
1189 2461 1353 2547 profugum

337 2596 521 2683 pervenisse.

380 2712 477 2777 Fuere
501 2717 605 2775 autem
626 2707 702 2793 ipsis
725 2703 923 2771 Cretensibus
947 2700 1111 2787 praecipua
1129 2695 1272 2763 currendi
1289 2717 1351 2759 eer-

334 2829 467 2893 tamina:
500 2828 539 2892 ef.
572 2825 709 2901 Kranae,
734 2822 784 2887 die
807 2818 991 2906 Gymnastik
1015 2816 1080 2881 und
1104 2812 1269 2901 Agonistih
1295 2812 1350 2877 der

334 2945 504 3023 Hellenen,
528 2944 564 3008 B.
588 2942 607 3007 I
632 2967 663 3028 p.
689 2943 755 3005 352
779 2946 811 3004 et
832 2938 861 3002 B
883 2937 919 3001 Π
943 2959 972 3021 p.
1000 2938 1074 2999 689.
1110 2931 1207 3017 Cujus
1224 2931 1266 2995 rei
1285 2937 1352 2994 tum

273 3120 285 3136 ,
334 3064 395 3128 alia
425 3059 564 3146 exempla
594 3059 795 3135 exstiterunt,
828 3065 896 3121 tum
926 3055 960 3118 in
988 3052 1091 3117 reditu
1117 3048 1348 3134 Xenophontis,

335 3202 432 3266 quum
453 3178 644 3264 Trapezunte
666 3176 736 3261 plus
759 3174 921 3259 sexaginta
936 3170 1096 3235 Cretenses
1113 3170 1146 3233 in
1165 3166 1352 3233 curriculum

334 3296 571 3363 descenderent:
596 3293 739 3380 Xenoph.
764 3290 864 3357 Anah.
888 3290 925 3355 L.
942 3289 990 3354 IV
1006 3288 1041 3353 O.
1059 3286 1142 3351 VIII
1161 3288 1213 3351 27.
1250 3286 1355 3368 Atque

335 3419 394 3503 ipsi
424 3417 562 3502 Ergoteli
594 3416 627 3480 in
650 3414 750 3501 patria
773 3412 857 3478 haud
880 3411 1014 3476 defuisse
1040 3432 1106 3474 eam
1129 3407 1269 3485 laudem,
1296 3406 1357 3471 effi-

335 3535 432 3600 cimus
456 3557 493 3599 11
516 3533 659 3599 carminis
682 3554 717 3595 vs
741 3533 794 3595 22.
822 3528 939 3595 Verum
955 3528 1010 3593 illa
1027 3529 1093 3614 ejus
1109 3527 1176 3591 laus
1193 3524 1356 3590 mansisset

334 3651 502 3716 domestica
536 3657 567 3715 et
596 3648 709 3715 finibus
742 3649 858 3733 patriae
891 3646 1055 3711 terminate
1086 3667 1142 3709 nee
1172 3666 1227 3729 per
1257 3650 1354 3708 totam

335 3768 497 3833 Graeciam
532 3765 713 3831 celebranda
749 3773 780 3832 et
814 3764 853 3829 ad
887 3771 1025 3849 posteros
1056 3768 1253 3848 perventura:
1285 3767 1356 3846 post

334 3884 549 3970 migrationem
579 3884 701 3949 demum
736 3882 774 3947 ad
807 3884 924 3968 majora
954 3879 1104 3945 tetendit:
1133 3879 1171 3944 cf.
1196 3880 1355 3944 annotatio

334 4003 372 4067 ad
403 4026 438 4066 11
462 4004 515 4066 23.
562 4000 705 4065 Fortasse
729 4022 801 4065 eum
824 3998 944 4076 Thero,
971 3998 1021 4063 eui
1045 3998 1116 4061 illae
1140 3996 1246 4062 laudes
1260 3996 1354 4061 'iuere

332 4118 522 4195 carissimae,
553 4118 602 4181 111
628 4117 772 4183 incitasse
806 4118 853 4181 vel
885 4116 978 4180 etiem
1008 4116 1139 4201 pecunia
1171 4115 1355 4180 adsumtos

334 4236 491 4301 faciendos
520 4257 644 4300 ornasse
676 4234 847 4299 credendus
873 4241 937 4299 est:
962 4234 1090 4298 fortasse
1113 4232 1205 4297 etiam
1228 4239 1354 4317 propter

332 4353 483 4419 Theronis
510 4354 679 4418 amicitiam
706 4376 780 4419 eum
806 4353 865 4418 hoe
888 4353 1021 4417 carmine
1045 4350 1171 4415 donavit
1193 4349 1354 4414 Piudarus.

330 4470 493 4556 Quidquid
518 4478 580 4551 est,
608 4472 695 4537 triste
716 4472 831 4538 exsilia
847 4494 877 4538 m
899 4470 1039 4555 Ergoteli
1054 4468 1177 4535 laudem
1192 4468 1354 4535 Isthmiam
