3725 5542
814 757 850 818 81

376 958 478 1045 Ipsum
510 960 677 1024 Homerum
701 958 879 1034 audiamus,
904 957 1063 1025 Musarum
1087 960 1247 1024 scientiam
1270 961 1334 1024 lau-

337 1077 449 1143 dantem
460 1106 466 1143 :

393 1199 474 1273 ὑμεῖς
498 1199 557 1278 γὰρ
580 1200 643 1263 θεαί
664 1200 745 1274 ἕστε,
768 1198 895 1277 πάρεστέ
917 1223 969 1271 τε,
993 1199 1055 1264 ἴστε
1078 1224 1111 1264 τε
1134 1199 1251 1282 πάντα,

391 1319 475 1393 ἡμεῖς
498 1316 527 1381 δὲ
549 1316 632 1390 κλέος
655 1312 709 1382 οἷον
731 1316 883 1395 ἀκούομεν,
907 1317 970 1383 οὐδὲ
992 1342 1020 1382 τι
1042 1316 1139 1395 ἴδμεν·

332 1442 357 1496 et
377 1437 575 1501 suavitatem:

387 1557 533 1622 Μουσάων
555 1554 588 1632 θ’,
614 1551 648 1620 αἳ
668 1554 759 1621 ἄειδον
781 1555 978 1635 ἀμειβόμεναι
999 1557 1047 1620 ὀπὶ
1070 1566 1158 1637 καλῇ.

369 1672 639 1739 verumenimvero
671 1674 727 1739 hae
755 1674 877 1738 eaedem
901 1673 985 1738 Deae
1007 1682 1096 1751 sunt,
1121 1696 1250 1759 quarum
1274 1674 1333 1759 spi-

331 1792 383 1857 ritu
419 1802 529 1880 poetae
564 1794 648 1857 intus
687 1793 822 1859 aluntur.
868 1792 942 1857 Fuit
976 1802 1007 1857 et
1040 1786 1194 1858 Homerus
1228 1815 1331 1857 earum

329 1910 434 1976 viribus
468 1912 619 1976 excitatus
648 1921 679 1976 et
708 1911 878 1977 Pindarus:
911 1912 964 1976 sed
995 1912 1040 1977 ita
1065 1913 1099 1976 in
1121 1921 1252 1997 utroque
1277 1914 1333 1977 vir·

326 2038 370 2092 tus
399 2052 507 2095 earum
540 2038 681 2116 apparet,
713 2030 970 2116 quemadmodum
1000 2053 1050 2095 eas
1072 2030 1239 2095 adorarunt
1261 2030 1331 2115 ipsi.

327 2146 455 2212 Scientia
480 2156 512 2212 et
535 2149 684 2214 suavitate
707 2157 863 2234 praestant
886 2148 1013 2214 Homeri
1033 2149 1156 2214 Musae:
1175 2172 1230 2235 ege
1245 2171 1331 2227 vero,

325 2264 493 2345 Homerus,
518 2291 660 2333 enarrans
684 2276 715 2332 et
739 2249 892 2354 exponens
916 2271 1034 2348 omnia,
1059 2268 1135 2355 quid
1158 2291 1220 2334 non
1237 2271 1331 2333 scieu-

323 2388 360 2450 tia
390 2388 572 2473 complexus
603 2388 672 2451 est?
703 2396 795 2474 atque
826 2388 930 2453 eodem
963 2389 1038 2474 quid
1069 2389 1108 2453 ad
1139 2389 1220 2453 huuc
1250 2388 1331 2452 diem

322 2508 441 2571 suanus
466 2506 550 2571 fuit?
573 2508 632 2592 ipsi
654 2506 701 2570 illi
724 2506 791 2585 Dii,
815 2529 1001 2592 quamquam
1024 2506 1115 2571 modo
1131 2508 1218 2584 irati,
1242 2505 1333 2570 modo

325 2626 439 2705 timidi,
473 2634 577 2690 tamen
612 2626 745 2691 viventes
777 2628 809 2690 in
839 2649 929 2690 omne
959 2634 1079 2712 tempus
1110 2628 1254 2692 felicitate
1286 2650 1334 2690 su·

327 2770 441 2831 prema,
477 2746 655 2811 incredibile
686 2746 942 2812 oblectamentum
974 2747 1119 2831 praebent
1148 2746 1332 2832 legentibus.

323 2864 377 2931 Sed
408 2865 565 2931 Pindarus
597 2874 627 2929 et
657 2888 758 2931 rerum
790 2867 908 2953 copiam
940 2874 972 2929 et
1002 2865 1130 2930 canendi
1153 2867 1334 2930 suavitatem

317 2984 422 3051 'habe-t:
458 2992 491 3049 et
521 2994 622 3051 tamen
647 2986 805 3051 veritatem
829 2984 1333 3071 sequitur31ejicitquequamvis

323 3113 424 3169 oruata
449 3112 483 3167 et
506 3104 642 3189 speciosa
664 3111 696 3167 et
719 3102 821 3168 dulcia
843 3103 1017 3168 mendacia:
1036 3104 1061 3187 ¹)
1084 3103 1128 3167 sic
1151 3111 1280 3188 uterque
1300 3101 1333 3164 iu

325 3244 443 3287 suorum
469 3220 603 3287 Deorum
628 3221 764 3307 vestigiis
786 3222 909 3287 institit.

363 3342 436 3428 Ipse
461 3340 613 3405 Pindarus
636 3339 806 3407 Homerum
831 3341 965 3428 appellat
981 3342 1107 3419 ἁδυεπῆ,
1123 3341 1333 3427 suamloqcom

324 3458 360 3526 Et
381 3484 457 3527 vero
482 3460 637 3547 quoddam
661 3462 750 3547 quasi
774 3461 811 3526 de
835 3484 870 3527 eo
887 3460 1040 3547 judicium
1056 3460 1137 3525 tulit.
1174 3458 1254 3524 Nam
1270 3483 1334 3525 non

322 3587 440 3645 tantum
474 3580 512 3644 ad
546 3578 714 3644 Homerum
746 3580 837 3644 etiam
869 3580 1040 3645 redundare
1063 3580 1155 3646 debet
1177 3603 1214 3644 ea
1235 3602 1334 3665 repre·

324 3690 445 3778 hensio,
478 3700 504 3763 si
538 3698 679 3784 repudiat
713 3698 832 3763 fabulas
866 3698 904 3763 de
938 3699 1075 3764 Deorum
1108 3700 1248 3786 proeliis,
1280 3699 1333 3764 sed

324 3826 476 3901 praetereo
498 3818 567 3903 ipso
590 3819 713 3882 nomine
737 3819 775 3883 de
798 3840 834 3883 eo
858 3818 932 3882 haec
959 3818 1055 3883 dixit:
1080 3840 1165 3903 „ego
1187 3820 1334 3904 majorem

324 3936 411 4001 credo
447 3937 557 4001 famam
593 3936 732 4023 Ulyssis,
768 3960 859 4023 quem
894 3938 982 4003 factis
1016 3939 1145 4016 meruit,
1181 3938 1333 4002 exstitisse

324 4064 444 4142 propter
467 4054 636 4120 Homerum
658 4056 889 4142 suaviloquum:
906 4056 1154 4143 quandoquidem
1171 4057 1237 4142 ejus
1252 4078 1335 4120 men-

323 4172 415 4239 daciis
446 4176 566 4261 artique
597 4176 686 4241 celeri
720 4176 806 4240 adest
829 4175 946 4261 aliquid
970 4174 1158 4241 venerabile:
1183 4175 1332 4259 sapientia

323 4290 434 4380 decipit
464 4308 601 4359 sermono
633 4294 759 4359 fallens:
784 4315 905 4359 caecum
930 4316 982 4359 cor
1004 4294 1098 4359 habet
1119 4293 1231 4379 vulgus
1254 4314 1332 4357 mor·

355 4563 377 4625 l)
394 4565 434 4616 01.
450 4566 470 4617 1.
487 4567 594 4616 43-55.
636 4523 639 4535 Ι
