3725 5542
911 686 976 744 244

437 886 565 970 gratiam
591 882 796 969 Agesidamus
821 891 856 947 ut
880 884 996 947 Achilli
1017 884 1189 949 Patroclus.
1226 888 1349 950 Acuens
1365 907 1451 964 eum,

437 1007 491 1089 qui
511 1004 549 1067 ad
571 1004 715 1067 virtutem
739 1012 830 1066 natus
855 1004 908 1079 sit,
934 1002 973 1066 ad
998 1004 1154 1088 ingentem
1178 1004 1291 1089 aliquis
1313 1004 1453 1090 impellat

436 1124 562 1207 gloriam
588 1146 659 1186 cum
683 1122 741 1186 Dei
758 1144 829 1207 ope:
855 1124 920 1186 siue
937 1123 1040 1187 labore
1057 1124 1146 1206 pauci
1162 1124 1288 1209 quidam
1303 1124 1451 1208 gaudium

435 1242 517 1304 nacti
541 1250 623 1305 sunt.
662 1240 777 1304 Lucem
803 1242 882 1304 vitae
906 1263 1001 1327 supra
1016 1264 1109 1327 opera
1124 1244 1227 1307 omnia
1243 1244 1452 1328 eximiumque

433 1372 585 1423 certamen
618 1366 652 1422 ut
685 1381 790 1423 canam
822 1382 869 1423 me
896 1361 970 1445 jura
992 1360 1209 1445 compulerunt
1230 1362 1334 1440 Jovis,
1367 1361 1451 1445 quod

357 1484 391 1531 2‘'
433 1480 471 1543 ad
503 1486 657 1542 vetustum
689 1478 844 1541 tumulum
878 1477 1001 1562 Pelopis
1036 1478 1082 1541 vis
1116 1478 1263 1543 Herculis
1296 1480 1450 1556 instituit,

436 1604 598 1683 postquam
619 1596 813 1681 Neptunium
834 1595 948 1660 oceidit
963 1595 1108 1661 Cteatum
1125 1597 1250 1673 fortem,
1274 1596 1450 1683 occiditque

434 1716 603 1801 Eurytum,
640 1725 674 1779 ut
710 1715 747 1777 ab
784 1718 892 1800 Augea
917 1708 1091 1779 'mercedem
1122 1718 1262 1781 meritam
1293 1717 1449 1802 ingentem

435 1836 530 1899 inrito
563 1835 666 1898 volens
698 1836 842 1918 exigeret.
890 1834 927 1897 In
952 1834 1145 1900 convallibus
1168 1835 1333 1899 insidiatus
1356 1858 1450 1921 prope

434 1952 564 2016 Cleonas
588 1952 700 2017 oceidit
725 1956 817 2017 etiam
833 1953 889 2016 bos
906 1952 1057 2017 Hercules
1073 1954 1106 2017 in
1122 1954 1246 2032 itinere,
1271 1955 1346 2038 quia
1360 1962 1451 2019 antea

356 2112 361 2117 ·
434 2072 599 2155 aliquando
622 2072 820 2155 'tirynthium
845 2073 873 2135 ei
891 2071 1068 2135 deleverant
1083 2073 1249 2137 exercitum
1267 2072 1449 2137 insidentem

433 2191 464 2253 in
495 2189 616 2273 angulis
649 2188 746 2253 Elidis
777 2190 929 2254 Moliones
954 2190 1088 2277 superbi.
1135 2189 1176 2254 Et
1199 2213 1271 2253 vero
1295 2190 1448 2276 Epeorum

433 2330 486 2371 rex
510 2306 655 2392 deceptor
678 2307 810 2393 hospitis
835 2329 896 2371 non
920 2307 1019 2371 multo
1044 2316 1114 2393 post
1137 2308 1216 2372 vidit
1237 2330 1324 2372 suam
1341 2308 1448 2374 urbem

435 2426 562 2510 patriam
587 2426 767 2510 opulentam
792 2426 850 2490 sub
875 2426 946 2489 lorti
970 2427 1042 2510 igue
1066 2425 1227 2511 plagisque
1247 2428 1319 2490 ferri
1334 2427 1368 2491 in
1385 2428 1449 2493 alto

433 2544 555 2629 gurgite
579 2544 763 2608 calamitatis
788 2543 1009 2608 considentem.
1045 2543 1117 2608 Non
1135 2544 1228 2608 datur
1243 2566 1345 2609 arcere
1361 2545 1448 2609 litem

434 2664 653 2747 potentiorum.
701 2662 804 2726 Etiam
833 2662 887 2726 illc
912 2663 1122 2747 imprudentia
1144 2672 1319 2748 postremus
1342 2672 1449 2748 captus

357 2786 396 2843 :30
434 2790 479 2846 ost
504 2805 559 2846 nec
584 2790 712 2846 mortem
737 2783 876 2847 acerbam
898 2781 1016 2865 effugit.
1052 2782 1110 2847 Ille
1128 2804 1198 2846 vero
1214 2781 1318 2860 Pisae,
1343 2788 1448 2845 coacto

434 2908 501 2965 toto
518 2901 654 2964 exercitu
670 2901 817 2985 omnique
834 2900 963 2985 praeda,
987 2900 1074 2963 Jovis
1090 2900 1177 2964 fortis
1193 2900 1276 2964 filius
1292 2899 1450 2964 dimensus

432 3030 478 3083 est
502 3020 607 3083 lanum
632 3020 712 3104 patri
735 3020 887 3083 maximo:
913 3019 1114 3102 terminisque
1138 3019 1344 3104 circapositis
1360 3018 1448 3083 Altiu

432 3138 463 3201 in
488 3138 555 3201 loco
579 3136 664 3200 nudo
688 3136 811 3212 divisit,
836 3136 1103 3220 circumjacentem
1127 3158 1198 3200 vcro
1218 3157 1361 3221 campum
1376 3136 1449 3200 fecit-

430 3276 542 3319 coenae
573 3254 799 3330 deversorium,
832 3254 985 3318 honorans
1018 3254 1149 3317 fluvium
1179 3253 1293 3338 Alphei
1317 3254 1350 3317 iu
1374 3253 1450 3317 duo·

355 3378 394 3433 rttt
432 3373 531 3437 decim
564 3372 641 3436 Diis.
690 3371 731 3434 Et
761 3371 870 3435 collem
903 3370 996 3436 Croni
1030 3371 1214 3473 appellavit:
1246 3380 1338 3435 autea
1364 3372 1447 3436 euim

431 3493 497 3555 sine
512 3491 654 3568 nomine,
679 3490 777 3553 donec
793 3490 969 3555 Oenomaus
985 3491 1150 3575 regnabat,
1170 3490 1333 3575 tegebatur
1347 3490 1448 3555 multa

431 3610 511 3673 nive.
565 3612 668 3695 Atque
701 3610 731 3673 iu
763 3610 816 3673 illo
848 3610 1053 3697 primogenito
1083 3633 1169 3675 sacro
1200 3609 1387 3674 adstiterunt
1417 3610 1445 3673 ei

433 3752 525 3815 prope
550 3729 680 3805 Parcae,
705 3738 752 3806 et,
777 3730 832 3814 qui
856 3752 938 3794 unus
960 3738 1092 3793 testatur
1116 3730 1272 3793 veritatem
1290 3729 1447 3814 incorrup

430 3856 510 3925 tam,
542 3847 687 3933 Tempus.
735 3848 907 3913 Veritatem
937 3848 1137 3933 progrediens
1161 3848 1338 3925 nunciavit,
1371 3870 1446 3932 quo-

354 3973 393 4033 ltl
430 3967 522 4031 modo
553 3966 626 4031 belli
658 3967 755 4045 dona,
788 3967 895 4031 divisis
922 3966 1116 4053 primordiis,
1149 3966 1382 4045 sacrificaverit,
1414 3975 1446 4030 et

430 4085 659 4170 quinquennale
676 4084 936 4169 quemadmodum
949 4085 1120 4150 instituerit
1132 4086 1243 4149 festum
1257 4106 1328 4149 eum
1340 4083 1445 4170 Olym·

428 4205 517 4290 piade
553 4204 651 4287 prima
686 4204 892 4287 victoriaeque
927 4203 1201 4288 reportationibus.
1256 4202 1337 4284 Quis
1371 4226 1444 4289 ergo

429 4332 582 4387 recentem
618 4330 727 4386 nactus
762 4344 906 4387 coronam
937 4332 983 4386 est
1014 4323 1158 4387 manibus
1189 4321 1382 4407 pedibusque
1414 4330 1445 4386 et

430 4466 542 4519 curru,
579 4440 734 4525 decusque
770 4444 945 4507 certaminis
980 4444 1010 4506 in
1043 4442 1134 4505 laude
1165 4443 1270 4528 posuit
1302 4452 1332 4503 et
1362 4442 1443 4526 cepit
