3725 5542
853 743 914 804 347

385 946 576 1024 reperiemur
605 942 671 1025 elipe.
718 940 809 1024 Quod
842 950 944 1007 autem
970 952 1106 1027 tempora
1128 942 1213 1007 Jovis
1237 941 1329 1018 dicit,
1354 944 1391 1005 si-

385 1062 496 1127 militer
526 1064 616 1128 etiam
649 1062 817 1129 Homerus:
852 1063 917 1133 Διὸς
951 1061 1087 1140 μεγάλου
1118 1062 1257 1138 ἕνοοουτοί,
1290 1061 1328 1125 Il.
1358 1060 1391 1124 Π

388 1184 466 1259 134,
498 1191 529 1247 et
559 1183 697 1267 saepius:
731 1182 843 1268 quippe
875 1180 1027 1266 quidquid
1051 1190 1115 1245 arte
1139 1180 1272 1245 humana
1294 1181 1392 1266 majus

385 1324 449 1365 esse
466 1300 636 1378 videbatur,
654 1302 715 1365 fere
730 1300 898 1365 divinitatis
914 1300 1047 1385 quodam
1063 1300 1199 1385 epitheto
1214 1299 1389 1364 ornabatur.

384 1420 496 1485 Tamen
530 1420 587 1485 hoc
619 1421 685 1484 loco
716 1420 812 1505 magis
844 1420 965 1505 proprie
996 1427 1026 1483 et
1057 1418 1279 1503 significantius
1307 1418 1392 1483 Jovis

385 1546 523 1625 tempora
553 1538 646 1616 dicit,
678 1546 837 1625 propterea
868 1538 950 1623 quod
982 1538 1055 1602 huie
1080 1536 1147 1601 Deo
1170 1537 1236 1603 ludi
1259 1537 1394 1623 Olympii

386 1666 472 1721 erant
494 1659 671 1723 consecrati.

430 1779 460 1839 4.
495 1774 754 1861 Praepositionem
779 1776 833 1840 ὑπὸ
857 1774 1039 1840 scholiastae
1058 1774 1214 1861 explicant
1229 1796 1282 1860 per
1296 1775 1393 1851 μετὰε

385 1916 446 1959 non
469 1894 565 1959 male:
590 1895 753 1960 conferunt
776 1894 866 1960 Hom.
891 1896 929 1959 Il.
955 1893 1050 1959 xvll
1074 1896 1139 1958 492

474 2013 593 2094 νύμφας
615 2012 639 2077 δ’
662 2014 695 2079 ἐκ
717 2015 857 2091 larem
880 2014 984 2079 δονΐδων
1007 2015 1062 2078 ὑπὸ
1084 2011 1302 2090 λαμπομενάων

473 2134 583 2209 ἠγίνεον
605 2134 663 2197 ἀνὰ
685 2130 771 2198 ἄστυ.

384 2249 530 2315 Similiter
560 2249 736 2317 Herodotus
768 2252 783 2316 I
816 2256 874 2319 17:
899 2255 1088 2333 ἐστρατεύετο
1112 2254 1167 2317 ὑπὸ
1193 2255 1338 2331 συρίγγων
1361 2275 1394 2314 τε

383 2370 433 2433 aa>
457 2370 601 2444 roseilon
624 2372 673 2434 xci
698 2374 798 2436 ωὐλοῐν.
823 2370 864 2435 Et
888 2373 955 2457 ipse
978 2370 1150 2447 Pindarus,
1174 2370 1224 2435 Ol.
1250 2368 1314 2434 VII
1334 2371 1392 2433 23:

385 2490 436 2552 col
459 2514 504 2553 νυν
528 2486 576 2554 ὑπ’
599 2490 772 2571 ἀμφοτέρων
796 2471 1046 2573 (calamorum
1072 2492 1179 2572 οὐλῶν)
1193 2490 1245 2554 σὺν
1261 2486 1393 2571 Δοωγόροι

384 2606 526 2684 νωτέβοιν.
564 2608 709 2694 Appellat
733 2620 834 2673 autem
857 2608 992 2689 μάρτυροι
1014 2631 1076 2673 non
1100 2616 1316 2693 spectatorem,
1340 2605 1392 2671 sed

384 2731 490 2789 testem
516 2734 678 2791 testantem
703 2734 733 2791 et
756 2726 1013 2813 praedicatorem,
1045 2728 1181 2805 ὑμνντήν.
1228 2723 1316 2790 Gonf.
1341 2725 1391 2789 Ol.

384 2842 429 2907 VI
454 2847 506 2908 35,
553 2844 760 2930 conjunctum
791 2845 913 2931 quidem
941 2858 988 2911 est
1012 2847 1067 2911 ὑτὸ
1088 2846 1187 2915 ἀοιδοῖς
1211 2868 1280 2910 cum
1304 2844 1394 2921 ἔτεμ-

383 2969 462 3039 ψοον,
493 2963 545 3027 sed
576 2986 638 3028 non
666 2987 735 3029 cum
763 2988 798 3029 eo
821 2965 913 3030 verbo
936 2965 1019 3042 solo,
1043 2987 1147 3029 verum
1172 2986 1240 3029 com
1265 2964 1393 3029 consilio

382 3082 551 3147 missionis:
584 3083 673 3168 plane
705 3092 739 3147 ut
770 3082 819 3149 Ol.
854 3082 916 3148 vll
949 3088 1008 3162 23,
1042 3106 1132 3168 qoem
1160 3084 1261 3148 locum
1285 3082 1393 3161 amuli,

384 3200 438 3264 ὑπὸ
460 3200 628 3281 Φόρμοργος
652 3202 700 3267 ecl
725 3205 816 3268 αὐλοῦ
841 3203 976 3281 acridae
999 3203 1116 3281 ὑμνέων.
1136 3202 1287 3287 Tempora
1307 3200 1394 3266 lovis

383 3342 430 3383 me
460 3322 607 3385 miserunt
638 3322 839 3387 certaminum
868 3320 1058 3387 laudatorem
1089 3344 1158 3385 cum
1182 3330 1275 3385 cantu
1299 3332 1331 3385 et
1354 3322 1394 3385 ci·

382 3436 478 3501 thara.
526 3438 561 3502 ln
597 3439 688 3504 verbo
723 3450 824 3505 autem
860 3444 1002 3519 ἔτεμψοον
1037 3463 1098 3505 non
1133 3440 1213 3503 inest
1243 3439 1394 3526 ejusmodi

383 3556 580 3641 significatio,
613 3564 648 3621 ut
678 3559 873 3623 statuendum
907 3560 965 3637 sit,
989 3560 1091 3644 ipsum
1114 3557 1281 3622 Pindarum
1305 3558 1393 3622 adve-

382 3673 479 3737 nisse:
511 3676 656 3756 ροοορτυρίοο
687 3677 795 3742 ittam
826 3677 916 3741 fiebat
940 3677 978 3741 ab
1001 3675 1056 3740 illo
1079 3676 1249 3741 carminum
1271 3678 1392 3742 immor-

383 3792 499 3856 talitate
523 3802 554 3857 et
577 3793 698 3859 decore:
723 3796 788 3859 lieri
812 3804 925 3878 potest,
952 3803 988 3858 ut
1011 3794 1162 3858 adfuerit:
1184 3817 1289 3860 verum
1308 3818 1391 3880 prae

381 3910 507 3975 sentiam
539 3935 622 3977 suam
653 3912 835 3999 appellando
858 3913 1011 3998 significat
1033 3914 1133 3998 poesia
1157 3935 1228 3976 suae
1253 3935 1389 3998 praeseu-

380 4028 463 4093 tiam.
510 4030 550 4095 Et
573 4055 608 4096 ex
632 4034 780 4098 vocabulo
802 4035 969 4111 ἀγγελέων,
999 4054 1032 4094 vs
1057 4036 1092 4107 8,
1118 4032 1219 4116 potius
1243 4032 1387 4109 effecero,

380 4144 545 4213 Pindarum
577 4150 749 4216 Pssumidis
783 4153 937 4216 victoriam
969 4150 1121 4235 accepisse
1151 4171 1243 4235 quam
1268 4149 1389 4215 vidisse.

380 4263 493 4331 Verum
517 4268 547 4331 in
573 4270 695 4334 incertis
721 4292 779 4334 ooo
803 4272 894 4334 nimis
918 4268 1099 4333 morandum
1123 4291 1189 4332 esse
1211 4269 1349 4333 arbitror.

426 4390 454 4450 7.
491 4388 598 4455 Ξείνων.
634 4388 804 4453 Scholiasta
829 4398 914 4453 vetus
938 4388 1071 4473 explicat
1088 4389 1192 4467 φίλων.
1210 4387 1269 4452 Sed
1285 4399 1386 4452 tamen

380 4505 515 4568 amicitia
538 4506 726 4589 significatur
749 4530 817 4572 cunr
842 4508 977 4591 hospitio
1000 4506 1171 4590 conjuncta.
