3725 5542
1021 754 1085 816 460

544 943 629 1008 tione
651 946 793 1011 vocabuli
815 957 899 1026 σῆμιι
922 951 1080 1014 desumto:
1097 969 1134 1014 ne
1149 973 1185 1014 er
1202 950 1378 1034 incongruis
1389 951 1553 1015 oonflntnm

544 1061 694 1128 videatur.
718 1064 938 1149 dignificentur
958 1090 1030 1152 ergo
1049 1068 1107 1153 ipsi
1120 1067 1224 1139 παῖδες
1236 1075 1427 1152 praesentes,
1439 1077 1476 1132 ut
1487 1089 1555 1131 con·

543 1179 743 1264 spicerentur.
761 1181 952 1268 Praepositio
967 1187 996 1250 ἒν
1011 1207 1074 1250 non
1090 1186 1210 1251 itecum
1220 1183 1313 1250 verbo
1321 1187 1485 1270 conjuncta
1493 1195 1554 1262 eet,

543 1303 580 1357 ut
590 1297 675 1361 verbi
686 1299 840 1384 objectum
852 1303 942 1366 etiam
956 1304 1019 1367 buc
1030 1303 1222 1368 referendum
1235 1304 1285 1366 sit:
1298 1303 1352 1366 sed
1364 1304 1464 1367 ercuit
1475 1303 1556 1368 Alci·

541 1413 653 1478 medon
668 1438 686 1478 a
701 1438 734 1480 se
749 1418 959 1502 ignominiam,
975 1419 1069 1504 idque
1084 1421 1157 1484 feeit
1168 1421 1200 1484 in
1213 1427 1347 1504 quatuor
1359 1420 1472 1504 pueris.
1496 1419 1553 1483 Vs

541 1552 610 1594 rum
627 1532 739 1598 diserte
756 1557 827 1599 eum
841 1559 1004 1600 numerum
1021 1538 1192 1621 exprimens
1204 1536 1301 1600 Poeta
1311 1558 1373 1600 non
1385 1537 1552 1620 siguificat,

542 1655 665 1714 tantum
688 1650 823 1716 adfuisse
845 1675 914 1717 eos:
940 1655 984 1717 sic
1007 1655 1088 1718 enim
1112 1654 1313 1739 ignominiam
1329 1663 1480 1718 averterat
1494 1653 1554 1718 ric
1669 1723 1670 1738 y

542 1772 591 1829 tor
621 1767 713 1831 etiam
743 1769 776 1832 in
807 1769 951 1834 omnibus
979 1769 1219 1856 spectatoribus:
1243 1792 1351 1834 verum
1373 1769 1465 1834 verbe
1486 1771 1554 1855 ipsa
1669 1821 1670 1836 ι

541 1884 795 1967 persequentibus
826 1903 970 1971 apparet,
994 1887 1129 1970 aliquem
1152 1887 1351 1972 ignominiam
1376 1907 1395 1949 a
1417 1909 1449 1950 ee
1472 1907 1554 1950 aver-

541 2007 606 2063 tere
635 2001 667 2064 in
699 2012 832 2086 quatuor
858 2003 1124 2082 adolescentibus,
1148 2005 1174 2067 si
1198 2013 1229 2068 et
1251 2003 1311 2088 ipsi
1334 2011 1364 2067 et
1388 2003 1436 2066 bie
1459 2002 1497 2066 de
1520 2025 1553 2067 ee

540 2117 721 2183 certandum
744 2129 803 2184 est:
827 2143 900 2205 ergo
916 2143 988 2185 oum
1003 2129 1136 2205 qustuor
1152 2119 1400 2185 adolescentibus
1415 2120 1553 2185 oonllixit

540 2233 732 2300 Alcimedon.
781 2238 875 2322 Apud
908 2238 1100 2316 Lucienum,
1136 2238 1275 2302 Hermot.
1308 2240 1369 2314 40,
1401 2237 1550 2322 legimus,

540 2360 705 2418 certatores
728 2354 864 2418 sortibus
886 2355 981 2420 luisse
1004 2355 1118 2420 divisos
1140 2356 1173 2420 in
1197 2355 1299 2441 paris:
1322 2353 1433 2440 quodsi
1449 2361 1552 2419 eutem

540 2491 685 2534 numerus
708 2479 788 2534 esset
809 2471 925 2556 impar,
950 2472 1058 2536 iisdem
1075 2471 1209 2536 sortibus
1225 2493 1322 2536 unum
1337 2471 1472 2556 relinqui
1486 2471 1552 2535 eine

541 2585 728 2652 edversario:
752 2611 809 2653 nee
832 2589 870 2654 de
893 2591 1025 2674 repetito
1048 2590 1213 2654 certamine
1236 2589 1284 2652 vel
1304 2588 1342 2653 de
1358 2588 1477 2652 iteretis
1491 2611 1554 2653 eor·

540 2703 624 2769 tibus
653 2705 819 2788 quidquem
842 2714 1005 2771 memoret:
1030 2707 1119 2771 illum
1143 2727 1214 2771 vero
1238 2713 1430 2791 exspectare,
1455 2706 1552 2770 donec

539 2821 650 2904 reliqui
679 2823 846 2887 certamina
876 2823 1067 2908 peregerint,
1091 2830 1123 2887 et
1144 2845 1209 2888 esse
1233 2845 1298 2887 :em
1321 2844 1465 2908 maguam
1486 2823 1552 2888 leli·

538 2917 679 3015 citatem,
702 2939 857 3024 integrum
880 2951 996 3005 certare
1019 2962 1089 3004 cum
1113 2941 1256 3005 defessis:
1276 2941 1421 3022 ἐφεδρεύει
1436 2941 1551 3020 repenle

537 3079 606 3136 νινν,
629 3055 693 3121 te?
714 3056 752 3121 σίν
774 3059 873 3122 ἕκεῑνιι
894 3057 1113 3136 armisonae·
1137 3058 1187 3123 recl
1210 3057 1273 3124 ἔστι
1295 3063 1381 3122 τοῦτο
1403 3059 1435 3122 οὐ
1457 3059 1550 3137 μιιιριὶ

536 3172 666 3251 εὐτυχλσ
695 3179 747 3237 τοῦ
777 3173 924 3254 Nemeo,
954 3177 990 3241 τὸ
1019 3177 1139 3250 μέλλειν
1161 3178 1288 3252 &piro
1308 3177 1550 3252 miseseranda:

536 3291 760 3365 συμπεσεῖσθαι.
807 3290 890 3376 Ergo
913 3314 998 3357 nune
1020 3291 1143 3376 quidem
1166 3291 1311 3356 videntur
1330 3311 1438 3354 novem
1455 3291 1550 3354 luisse

536 3403 762 3471 adolescentes:
797 3417 930 3491 quatuor
965 3409 1038 3473 victi
1072 3407 1291 3473 certaminibus
1321 3405 1548 3492 singularibus:

536 3521 672 3605 reliquos
695 3531 829 3606 quatuor
850 3526 1025 3610 profligavit
1047 3524 1240 3590 Alcimedon.
1275 3522 1431 3589 Credibile
1445 3531 1549 3588 temen

536 3663 601 3704 esse
627 3642 704 3705 mibi
725 3644 866 3722 videtur,
890 3668 952 3712 non
976 3667 1038 3710 uno
1061 3668 1131 3710 cum
1154 3646 1275 3710 cunctis
1298 3643 1465 3709 victoribus
1487 3665 1552 3708 cer·

535 3758 650 3822 tamine
680 3767 812 3824 certasse
843 3761 1032 3846 ephedron,
1056 3763 1110 3826 sed
1133 3783 1204 3825 cum
1228 3761 1360 3845 singulis
1383 3761 1550 3825 certamine

535 3873 699 3958 singulari:
723 3898 823 3962 neque
844 3880 925 3942 enim
942 3879 1027 3943 luctu
1043 3880 1134 3943 unius
1150 3901 1220 3943 cum
1237 3877 1378 3964 pluribus
1394 3877 1550 3961 quomodo

536 3990 617 4054 lacte
646 3991 723 4057 foret
755 3995 912 4082 intelligo:
946 4007 977 4060 et
1004 3998 1048 4061 ita
1071 4019 1142 4062 sene
1166 4017 1369 4081 magnopere
1392 3995 1549 4059 felicitatis

535 4105 724 4172 decessisset.
760 4110 942 4176 Simillimus
958 4120 1061 4178 autem
1076 4113 1150 4178 huic
1165 4113 1233 4177 loco
1249 4120 1297 4176 eet
1311 4111 1366 4196 Py
1383 4109 1466 4174 vm
1485 4113 1547 4176 11⁷

757 4231 876 4308 σε’σρσσι
898 4231 923 4294 δ’
946 4229 1074 4303 ἔμπετες
1099 4232 1202 4306 ὑψόθεν

757 4346 927 4424 σωμάτεσσι
950 4350 1032 4414 use

755 4463 894 4544 oportue·
918 4472 978 4537 τοῖς
1000 4464 1067 4530 οὔτε
1089 4465 1187 4537 νόστος
1209 4465 1285 4540 diade
