3725 5542
811 708 874 769 501

337 907 468 985 tulatos,
505 906 675 971 mercedem
710 908 853 993 neganti,
889 906 1033 971 Herculis
1064 907 1259 993 Tirynthium
1272 902 1276 911 ’
1290 910 1353 973 aive

337 1023 489 1107 Argivum
512 1024 679 1088 exercitum
696 1022 860 1088 delevisse:
878 1030 909 1087 et
924 1032 1111 1089 memoratur
1126 1024 1165 1089 dc
1181 1024 1272 1090 rebus
1290 1026 1352 1090 illis

335 1142 467 1225 scriptor
492 1138 633 1204 Mnaseas
655 1140 813 1205 Patareus.

381 1260 434 1321 84.
468 1256 585 1337 λάτριον
608 1256 715 1333 μισθόν.
753 1256 944 1335 Mercedem,
969 1280 1061 1341 quam
1083 1280 1138 1343 pro
1153 1258 1258 1323 labore
1274 1258 1352 1323 Her·

336 1376 419 1439 cules
443 1380 550 1460 pactus
574 1373 683 1437 luerat.
719 1374 870 1453 ’Ὑπέρβιον
896 1382 998 1459 potest
1022 1375 1147 1459 quidem
1163 1375 1202 1439 ad
1220 1376 1352 1458 hagiam

336 1492 457 1569 referri,
481 1490 575 1575 idque
597 1490 666 1553 vult
689 1489 853 1554 scholiasta
873 1491 1040 1555 recentior:
1062 1491 1116 1556 sed
1132 1494 1266 1577 praestat
1283 1514 1353 1557 con·

334 1610 465 1693 jungere
496 1596 566 1671 c'um
597 1607 706 1685 μισθόν.
766 1606 804 1670 In
839 1606 964 1671 scholiis
997 1608 1149 1673 veteribus
1181 1609 1351 1694 explicetur

336 1733 473 1791 rariores
496 1725 566 1790 ὄντσ
589 1733 621 1789 et
642 1725 692 1789 rb
712 1723 812 1790 πολύν.
859 1724 939 1789 Satis
964 1725 1057 1790 bene:
1083 1726 1136 1791 sed
1162 1734 1208 1791 est
1230 1736 1353 1815 propter

337 1844 521 1921 Herculem,
553 1850 589 1907 ut
619 1843 766 1920 arbitror,
800 1843 950 1926 quaedam
978 1845 1011 1907 iu
1035 1866 1070 1907 eo
1094 1844 1230 1929 epitheto
1255 1844 1353 1929 digni·

340 1967 401 2038 tas,
425 1958 683 2043 quemadmodum
709 1960 793 2023 verbi
817 1982 911 2022 causa
926 1959 1040 2025 dicitur
1055 1965 1180 2032 πλοῦτος
1195 1962 1350 2039 urreisan,

335 2076 386 2142 01.
410 2077 427 2141 I
451 2086 481 2141 4.

380 2197 433 2260 87.
469 2195 524 2259 ὑπὸ
546 2199 693 2261 Κλεωνᾶν.
729 2192 904 2258 Narrautur
922 2194 956 2257 in
973 2193 1097 2258 scholiis
1114 2195 1267 2259 veteribus
1284 2204 1350 2260 tum

335 2312 471 2398 Eurytus
495 2320 527 2377 et
549 2312 676 2377 Gteatus
699 2312 731 2376 in
755 2313 865 2376 itincre
888 2312 983 2377 luisse
1007 2335 1045 2376 cx
1068 2312 1215 2397 Argolide
1235 2313 1274 2376 ad
1290 2335 1351 2377 cer·
1407 2346 1409 2351 ·

334 2440 436 2495 tamen
465 2430 657 2494 Isthmicum.
686 2431 690 2441 ⁴

380 2552 432 2613 88.
467 2549 519 2627 ἐφ’
541 2548 602 2627 ὀδῷ.
638 2546 858 2631 significantur
879 2547 978 2611 factae
995 2546 1033 2610 ab
1049 2544 1183 2611 Hercule
1199 2547 1348 2627 insidiae,

334 2673 369 2729 ut
392 2677 498 2731 monet
520 2674 608 2729 vetus
632 2663 815 2740 scholiasta,
839 2670 922 2728 recte
945 2685 1124 2748 comparans
1148 2664 1209 2730 ὁδὸν
1235 2666 1352 2743 ἐλθέμε-

333 2806 396 2861 aar,
428 2783 521 2847 Hom.
554 2782 592 2846 Il.
617 2782 634 2846 I
661 2782 742 2859 151,
766 2780 851 2866 quod
874 2781 956 2845 idem
979 2780 1094 2845 dicitur
1115 2782 1233 2862 adxovl'
1256 2783 1348 2866 Ιέννι,

316 2890 410 2966 887.
455 2899 572 2965 Eodem
605 2902 737 2988 pertinet
759 2900 898 2964 tomam:
926 2899 1123 2983 quodetiam
1148 2900 1187 2963 ab
1210 2900 1348 2966 Hesiodo

333 3017 372 3081 de
394 3018 529 3082 Hercule
551 3018 665 3082 dicitur
687 3020 719 3081 in
744 3016 881 3103 parando
905 3017 1050 3082 adversus
1067 3017 1198 3082 Martem
1213 3018 1347 3103 proelio,

333 3134 382 3200 Sc.
399 3136 489 3200 Herc.
504 3138 587 3211 888,
601 3139 676 3199 425.
696 3135 786 3200 Ocni.
800 3139 876 3213 480,
890 3142 921 3199 et
933 3135 971 3199 de
983 3134 1125 3213 Cerbero,
1139 3134 1254 3222 Theog.
1271 3139 1346 3203 778.

379 3256 433 3317 48.
467 3253 624 3330 delibaris
647 3253 762 3333 ὀχετὸν.
802 3252 893 3317 Conf.
918 3251 1013 3337 Soph.
1039 3252 1088 3337 nj.
1116 3254 1201 3319 10⁷2

509 3369 622 3445 ταύτην
644 3369 741 3451 νόμιζε
763 3372 816 3445 τὴν
839 3369 924 3435 πόλιν
947 3368 1038 3451 χρόνῳ
1061 3369 1132 3435 acri

510 3486 543 3563 ἒξ
564 3488 659 3567 odylus
684 3488 850 3568 δραμοῦσσν
873 3490 902 3559 ἐς
925 3487 1012 3565 βυθὸν
1035 3494 1145 3553 πεσεῖν.

376 3608 430 3669 47.
465 3604 628 3683 κρεσσόνων.
665 3602 829 3669 Genitivus
860 3611 907 3668 est
939 3604 1078 3668 activus:
1102 3602 1238 3680 bellum,
1263 3602 1347 3687 quod

331 3721 473 3786 fortiores
496 3731 613 3807 garant.

376 3841 430 3904 47.
465 3840 610 3904 ἀποθέσθ’.
646 3839 734 3904 Ocni.
759 3838 809 3903 Ol.
834 3838 917 3903 VIII
941 3841 994 3903 90.

377 3960 431 4021 48.
456 3955 592 4027 ὕστατος.
628 3957 794 4035 Dubitari,
828 3979 867 4021 an
890 3957 1132 4043 significaretur,
1157 3956 1281 4020 tandem
1304 3963 1348 4021 ta·

332 4098 402 4139 men
426 4075 565 4158 Augeam
588 4074 741 4138 invenisse
764 4075 898 4151 cladem,
925 4082 962 4138 ut
986 4082 1065 4139 asset
1087 4074 1108 4138 i.
1133 4095 1163 4156 q.
1188 4079 1344 4150 τελευτῶν,

332 4192 431 4264 rinos:
464 4191 543 4255 conl.
574 4190 756 4255 Haimsoeth
779 4214 808 4275 p.
836 4195 887 4254 18.
924 4190 1143 4257 Verumtamen
1166 4190 1270 4276 potius
1298 4170 1347 4254 ex·

332 4311 413 4395 plico
443 4311 505 4387 sic,
537 4316 572 4373 ut
603 4316 673 4394 post
699 4308 844 4374 (trecium
866 4310 1082 4396 Eurytumque
1107 4310 1197 4375 etiam
1223 4314 1345 4394 Augeae

332 4426 450 4492 cladem
480 4427 641 4491 invenerit.
679 4427 826 4504 Ἀβσνλίσ
859 4436 906 4491 est
936 4426 1086 4513 ejusmodi
1118 4426 1344 4510 imprudentia,
