3725 5542
959 691 1024 750 422

483 890 553 954 dem
584 889 694 953 ἱαοινω
717 911 857 966 curare,
881 889 989 954 bovem
1013 912 1108 972 quum
1133 891 1221 954 ferire
1246 891 1408 970 voluisset,
1436 913 1498 956 nou

483 1007 694 1090 Licymniumt
725 1005 787 1070 alia
816 1006 849 1069 iu
875 1005 1000 1070 scholiis
1024 1005 1149 1072 traditio
1174 1017 1239 1084 est,
1263 1015 1388 1092 propter
1411 1030 1500 1092 quos-

483 1125 553 1188 dam
576 1124 707 1187 honores
729 1121 853 1186 caedem
872 1122 985 1186 factam
1001 1145 1076 1187 esse.
1100 1121 1257 1188 Pindarus
1273 1145 1334 1188 uon
1351 1124 1499 1202 invitum,

483 1241 536 1306 scd
565 1243 679 1306 iratum
703 1240 810 1306 iecisse
833 1238 926 1304 dicit:
950 1261 1080 1324 eamque
1103 1240 1180 1304 iram
1204 1241 1236 1304 iu
1260 1240 1322 1304 illis
1346 1241 1500 1306 erroribus

482 1368 641 1436 numerat,
672 1381 750 1444 quos
782 1381 815 1421 vs
838 1361 882 1422 44
904 1359 1100 1422 memoravit:
1125 1367 1156 1421 et
1178 1380 1212 1421 vs
1236 1361 1277 1422 55
1302 1361 1413 1424 mentis
1436 1383 1501 1444 per·

482 1476 688 1542 turbationem
712 1473 840 1538 eandem
862 1482 969 1550 vocat,
992 1495 1055 1558 qua
1076 1473 1171 1538 luerit
1185 1474 1225 1538 ab
1240 1475 1333 1538 insita
1349 1477 1499 1560 sapientia

482 1593 678 1678 Tlepolemus
699 1601 767 1658 tum
790 1591 952 1656 abductus.
1000 1590 1072 1656 Nou
1098 1593 1199 1676 potuit
1222 1591 1297 1658 hacc
1311 1593 1500 1677 praetermit-

481 1720 563 1789 tere,
587 1711 621 1776 iu
644 1709 854 1796 persequenda
876 1708 979 1774 Rhodi
1001 1709 1204 1793 antiquitates
1228 1709 1282 1774 sed
1297 1717 1399 1775 tamen
1415 1733 1499 1778 more

481 1851 539 1894 suo
562 1829 683 1893 brevior
705 1835 753 1892 cst
774 1827 808 1890 iu
832 1825 917 1890 malo
939 1826 1224 1904 commemorando,
1245 1850 1373 1913 eamque
1389 1852 1500 1895 memo-

481 1948 560 2010 riam
590 1944 683 2009 simul
713 1944 836 2028 mitigat
867 1941 1022 2007 humanae
1054 1942 1274 2008 imbecillitatis
1297 1945 1500 2030 cogitatione:

482 2061 635 2148 copiosior
668 2083 739 2125 sero
772 2061 807 2124 iu
840 2059 944 2124 landis
976 2067 1008 2124 et
1036 2060 1177 2126 iuventae
1208 2068 1314 2146 postea
1344 2061 1499 2127 felicitatis

482 2179 655 2266 praeconio.

529 2299 582 2360 58.
616 2294 766 2374 θαλάμων.
790 2293 989 2380 significatur
1009 2292 1129 2358 domus.
1156 2293 1204 2358 Ol.
1221 2293 1271 2358 Ol.
1289 2293 1318 2356 V
1334 2299 1388 2373 30,
1405 2295 1452 2362 VI
1467 2300 1498 2362 2.

530 2416 583 2477 58.
616 2411 740 2483 Μιδέας.
773 2410 947 2476 Scholiasta
969 2418 1057 2476 vetus
1080 2418 1136 2476 aut
1150 2417 1280 2476 matrem
1295 2411 1428 2476 Mideam
1445 2421 1500 2478 aut

485 2529 594 2594 urbem
625 2528 839 2614 cognominem
868 2528 900 2592 iu
931 2526 1080 2613 Argolide
1103 2528 1193 2592 sitam
1215 2527 1382 2614 significari
1403 2529 1499 2594 dicit:

485 2647 570 2732 prius
593 2668 699 2710 verum
723 2654 779 2709 est.
825 2645 875 2710 Da
896 2645 974 2711 urhe
996 2647 1032 2710 lit
1053 2646 1170 2710 mentio
1193 2644 1244 2709 01.
1267 2645 1299 2709 X
1324 2649 1364 2712 77
1389 2648 1500 2720 παΐςὸ

484 2765 643 2841 Λνκνμνίω
664 2763 785 2836 Οἰωνός·
807 2758 873 2836 ἧκεν
894 2763 926 2828 δὲ
948 2763 1093 2830 Μιδέαθεν
1114 2763 1239 2842 στρατὸν
1260 2765 1397 2828 ἐλαύνων.

533 2882 585 2944 56.
621 2881 831 2945 Μαντεύσατν.
863 2879 1018 2944 Homerus
1049 2879 1139 2944 illum
1164 2879 1307 2965 effugisse
1330 2880 1407 2945 dicit
1428 2880 1504 2946 dlic-

485 3019 556 3062 rum
578 3004 610 3060 ct
630 3004 776 3083 nepotum
793 2995 939 3062 Herculis
955 2998 1071 3076 minas,
1088 2996 1128 3062 dc
1142 2997 1266 3062 oraculo
1282 2997 1362 3062 silet.
1398 2997 1503 3080 Quum

487 3112 639 3178 Pindarus
661 3113 731 3177 illas
752 3113 852 3178 minas
873 3112 982 3192 sileat,
1006 3112 1229 3190 crcdibileest,
1246 3112 1503 3194 incucurrisse,

485 3229 699 3314 Tlepolemum
738 3230 881 3313 protinus
918 3251 976 3293 sna
1014 3237 1125 3314 sponte
1163 3228 1265 3294 caedis
1299 3231 1503 3316 expiationem

486 3346 688 3432 quaesivisse,
712 3368 809 3432 quum
832 3347 1016 3431 pracsertim
1040 3349 1107 3432 ejus
1123 3345 1327 3411 moderationi
1342 3355 1373 3412 st
1388 3349 1505 3434 sapien·

486 3463 549 3527 tiae
580 3462 636 3526 illa
668 3461 775 3526 caedes
809 3484 872 3526 nou
903 3464 1099 3528 conveniret:
1135 3463 1195 3527 Dei
1224 3471 1329 3528 autem
1359 3485 1503 3550 responso

488 3579 670 3666 profectioni
691 3578 862 3666 Tlepolemi
885 3588 916 3644 et
940 3579 1133 3645 Rhodiorum
1156 3580 1269 3666 origini
1292 3579 1432 3646 divinum
1454 3579 1506 3646 de·

488 3719 544 3762 cus
567 3704 600 3760 ct
620 3697 879 3762 consecrationem
902 3697 1091 3782 adjunxisse.

535 3816 588 3877 59.
623 3813 748 3884 εὐώδεας.
781 3813 890 3877 Potest
916 3815 1051 3878 suavitas
1070 3813 1172 3877 odoris
1189 3813 1286 3878 tribui
1301 3813 1405 3892 thuri,
1422 3814 1505 3900 qnod

490 3931 557 3994 Deo
580 3950 701 3994 sacrum
724 3930 839 3994 famant
863 3930 1019 3996 homines:
1045 3929 1098 3994 scd
1121 3940 1277 4015 praestare
1301 3931 1423 3996 videtur
1438 3930 1506 3994 Dis-

489 4047 566 4111 senii
598 4046 779 4130 explicatio,
810 4046 936 4112 odorem
959 4068 1085 4111 suavem
1108 4069 1145 4110 ex
1169 4046 1263 4130 adyto
1286 4055 1445 4131 tamqnam
1468 4069 1505 4111 cx

490 4164 575 4228 fonte
597 4165 730 4248 spirare:
754 4164 926 4230 secuudum
949 4165 1170 4242 Plutarchum,
1194 4165 1250 4246 qui
1273 4185 1309 4228 eo
1333 4163 1428 4228 alllari
1447 4163 1506 4248 Py·

490 4281 587 4346 thiam
617 4291 782 4359 memorat,
816 4283 863 4345 Dc
886 4282 947 4347 def.
971 4281 1062 4347 Orac.
1087 4286 1145 4346 5⁰:
1169 4285 1183 4348 l
1207 4283 1268 4364 γὰρ
1289 4279 1362 4356 clsoc
1385 4282 1505 4354 aazia

490 4398 728 4475 ἀναπίμπλανται
750 4400 801 4464 καὶ
824 4400 1010 4484 πνεύματος,
1035 4397 1096 4472 cicc
1120 4399 1158 4466 ἂν
1182 4401 1224 4466 τὰ
1235 4399 1340 4478 ἥδιστα
1353 4400 1404 4467 sal
1420 4415 1507 4472 πολυ-
