3725 5542
830 718 892 783 297

398 920 435 984 [u
458 919 554 1001 ἔφεπε
572 910 762 1002 ¹intelligitur
786 920 902 990 αὐτούς.
949 918 1140 1004 Praepositio
1163 920 1213 985 ἐπὶ
1235 922 1279 986 ita
1298 944 1368 985 eum

352 1040 435 1115 ἄγων
464 1038 627 1124 conjuncta
654 1046 718 1114 est,
744 1046 779 1102 ut
802 1038 1008 1123 significetur,
1033 1038 1156 1104 divitias
1180 1047 1211 1103 et
1233 1040 1365 1124 gratiam

353 1157 501 1221 adductae
525 1178 606 1234 esse,
632 1177 710 1240 quae
733 1156 795 1221 illis
815 1157 985 1223 virtutibus
1000 1164 1159 1242 tamquam
1175 1158 1302 1222 comites
1319 1159 1369 1222 ad·

349 1278 563 1362 jungerentur.
600 1274 715 1339 Similis
738 1277 938 1360 grammatica
960 1278 1150 1341 eonstruotio
1166 1283 1213 1341 est
1227 1276 1369 1362 Thucyd.

354 1388 387 1453 ΙΙ
422 1390 482 1452 101
516 1388 717 1469 ὑποσχόμενος
739 1390 874 1471 ἀδελφὺν
897 1393 1002 1456 ἑαυτοῦ
1025 1392 1122 1456 δώσειν
1145 1393 1196 1457 καὶ
1219 1394 1371 1473 χρήματα

353 1508 401 1573 ἐπ’
425 1510 511 1589 αὐτῇ.

400 1628 452 1690 22.
487 1631 582 1707 Κρόνιε
609 1634 669 1690 ποεῖ
687 1625 779 1697 ‘Piae
826 1624 864 1688 Id
889 1632 935 1689 est
957 1626 1060 1709 Κρόνον
1082 1633 1143 1690 ποεῖ
1162 1628 1212 1692 xxi
1236 1626 1330 1699 Ῥέοις.

398 1748 451 1809 23.
487 1746 587 1823 νέμον.
625 1744 795 1809 Habitandi
826 1745 1010 1829 significatio
1038 1745 1153 1830 optime
1175 1745 1306 1809 refertur
1329 1744 1370 1809 ad

352 1862 414 1936 ἕδος
437 1864 610 1941 Ὀλύμπου,
634 1884 697 1928 non
720 1868 802 1927 reete
826 1862 865 1926 ad
885 1862 1005 1947 reliqua
1020 1862 1155 1947 objecta:
1172 1886 1272 1949 neque
1288 1863 1370 1927 enim

354 1982 462 2047 ἀέθλων
484 1982 598 2065 κορυφαὶ
622 2003 677 2067 pro
700 1982 767 2066 ipso
789 1976 860 2044 Jovi
883 2003 969 2045 seem
992 1981 1060 2045 loeo
1076 1980 1164 2045 Pisae
1180 1981 1242 2045 diei
1258 1988 1371 2067 potest.

355 2100 415 2166 Sed
448 2099 608 2165 retinenda
635 2107 682 2164 est
704 2099 887 2185 significatio
911 2099 1107 2184 possidendi:
1132 2122 1211 2184 quae
1234 2100 1280 2163 ita
1302 2122 1372 2164 cum

357 2219 563 2284 distribuendi
596 2218 820 2304 significatione
854 2217 1013 2297 cohaeret,
1043 2224 1080 2282 ut
1111 2216 1233 2282 dicatur
1263 2216 1376 2302 aliquis

357 2360 444 2403 suam
468 2344 585 2423 partem
610 2335 720 2401 habere
743 2334 962 2400 distributione
985 2335 1075 2400 facta
1122 2334 1169 2398 Ba
1191 2334 1375 2420 significatio

358 2455 534 2542 possidendi
558 2454 647 2518 facile
669 2453 701 2517 in
725 2453 824 2539 primo
848 2454 970 2539 objecto
992 2452 1105 2517 transit
1127 2453 1159 2516 in
1179 2451 1376 2535 significatio·

358 2598 428 2641 nem
458 2574 636 2651 habitandi,
669 2574 702 2637 in
733 2572 868 2637 seeundo
896 2595 930 2637 ao
959 2572 1051 2636 tertio
1075 2571 1108 2635 in
1131 2570 1373 2635 dominationem

358 2701 390 2758 et
411 2691 617 2757 moderamen.
664 2688 715 2755 Ol.
740 2690 770 2755 X
796 2692 835 2754 15
861 2691 945 2783 νέμει-
963 2690 1115 2771 Ἀτρέκεια
1138 2689 1231 2754 πόλιν.
1261 2687 1373 2752 Aeseh.

358 2810 448 2874 Eum.
474 2812 538 2873 919
563 2808 663 2887 πόλιν,
687 2808 744 2874 τὰν
763 2810 836 2882 Ζεὺς
852 2809 943 2889 Ἄρης
962 2832 997 2872 τε
1016 2806 1105 2886 νέμει.
1141 2788 1235 2871 Reate
1251 2804 1376 2870 Karste-

360 2930 430 2993 nius
453 2928 572 2993 confert
595 2926 646 2992 Ol.
670 2926 700 2989 V
724 2929 765 2991 89

674 3047 776 3126 Σνπὶιρ
800 3044 941 3126 ὑψινεφὲς
964 3051 1040 3128 Ζεῦ,

673 3162 783 3243 Κρόνιόν
805 3187 840 3227 τε
864 3163 950 3227 vator
973 3162 1065 3243 λόφον

672 3288 775 3359 Τιμῶν
797 3280 827 3345 τ’
850 3280 980 3362 Ἀλφεὸν

673 3401 751 3481 udat
774 3398 872 3481 ῥέοντοι
895 3397 980 3462 Ἰδαῖ-

720 3518 750 3583 όν
772 3540 806 3582 τε
829 3516 935 3593 σεμνὸν
957 3514 1068 3596 ἄντρον.

407 3642 460 3702 28.
496 3638 606 3719 σφίσιν.
643 3636 785 3701 Habetur
808 3634 931 3699 dativus
955 3656 1011 3719 pro
1034 3633 1190 3719 genitivo:
1214 3630 1315 3712 σφίσιν
1330 3628 1380 3706 γε’-
1405 3664 1409 3672 «

361 3784 398 3823 νει
430 3779 485 3844 pro
509 3760 604 3822 αὐτῶν
627 3756 714 3831 νένει.
761 3754 855 3838 Isque
879 3753 976 3817 dativi
1000 3774 1075 3816 usus
1099 3752 1164 3834 ipse
1187 3770 1278 3834 saepe
1301 3748 1380 3832 ejus·

362 3877 446 3942 modi
477 3884 540 3953 est,
573 3883 609 3938 ut
640 3882 695 3938 aut
725 3895 834 3958 parum
864 3880 918 3935 aut
945 3870 1024 3935 nihil
1048 3892 1066 3933 a
1089 3867 1225 3953 genitivo
1248 3865 1379 3930 differat.

361 3996 476 4060 Tamen
508 4000 674 4077 utrumque
705 3991 844 4055 dativum
867 3990 925 4053 hoc
949 3989 1017 4053 loco
1041 3985 1173 4072 pendere
1197 3984 1338 4049 existimo
1361 4005 1381 4046 a

362 4113 454 4197 verbo
484 4112 618 4189 κόμισονι
643 4116 802 4195 precatur,
830 4114 866 4173 ut
889 4114 977 4171 curet
997 4105 1123 4191 Jupiter
1145 4111 1238 4187 atque
1261 4122 1382 4165 conser-

362 4238 412 4294 vet
444 4238 586 4316 paternos
618 4250 708 4313 agros
735 4227 886 4304 Thermi,
912 4246 1017 4289 verum
1041 4223 1079 4287 ad
1103 4222 1233 4306 majores
1257 4240 1380 4303 quoque

363 4351 429 4435 ejus
453 4348 604 4433 pertinere
629 4344 870 4411 conservationis
893 4343 979 4407 illius
1003 4341 1151 4427 gaudium
1168 4338 1334 4403 existimat.

408 4470 460 4531 29.
495 4467 586 4547 λοιπῷ
608 4464 695 4542 γένει.
730 4464 865 4528 Theroni
896 4462 1027 4527 maxime
1055 4468 1085 4525 et
1114 4456 1282 4524 Xenocrati
1311 4456 1378 4541 ejus
