<?xml version="1.0" encoding="UTF-8"?>
<!DOCTYPE html PUBLIC "-//W3C//DTD XHTML 1.0 Transitional//EN"
    "http://www.w3.org/TR/xhtml1/DTD/xhtml1-transitional.dtd">
<html xmlns="http://www.w3.org/1999/xhtml" xml:lang="en" lang="en">
 <head>
  <title>
</title>
<meta http-equiv="Content-Type" content="text/html;charset=utf-8" />
  <meta name='ocr-system' content='tesseract 3.04.00' />
  <meta name='ocr-capabilities' content='ocr_page ocr_carea ocr_par ocr_line ocrx_word'/>
</head>
<body>
  <div class='ocr_page' id='page_1' title='image "./pindaricarminao01pindgoog_0031.png"; bbox 0 0 3725 5542; ppageno 0'>
   <div class='ocr_carea' id='block_1_1' title="bbox 853 768 892 827">
    <p class='ocr_par' dir='ltr' id='par_1_1' title="bbox 853 768 892 827">
     <span class='ocr_line' id='line_1_1' title="bbox 853 768 892 827; baseline 0 0"><span class='ocrx_word' id='word_1_1' title='bbox 853 768 892 827; x_wconf 81' lang='grc'>19</span> 
     </span>
    </p>
   </div>
   <div class='ocr_carea' id='block_1_2' title="bbox 361 936 1381 1051">
    <p class='ocr_par' dir='ltr' id='par_1_2' title="bbox 361 936 1381 1051">
     <span class='ocr_line' id='line_1_2' title="bbox 361 936 1381 1051; baseline 0 -22"><span class='ocrx_word' id='word_1_2' title='bbox 361 966 476 1031; x_wconf 86' lang='lat' dir='ltr'>audeat</span> <span class='ocrx_word' id='word_1_3' title='bbox 507 966 554 1030; x_wconf 83' lang='lat' dir='ltr'>vel</span> <span class='ocrx_word' id='word_1_4' title='bbox 585 965 644 1031; x_wconf 89' lang='lat' dir='ltr'>sibi</span> <span class='ocrx_word' id='word_1_5' title='bbox 677 988 730 1051; x_wconf 84' lang='lat' dir='ltr'>par</span> <span class='ocrx_word' id='word_1_6' title='bbox 758 974 887 1031; x_wconf 89' lang='lat' dir='ltr'>conetur</span> <span class='ocrx_word' id='word_1_7' title='bbox 915 966 1051 1030; x_wconf 87' lang='lat' dir='ltr'>evadere.</span> <span class='ocrx_word' id='word_1_8' title='bbox 1099 965 1155 1028; x_wconf 79' lang='lat' dir='ltr'>Est</span> <span class='ocrx_word' id='word_1_9' title='bbox 1183 936 1274 1029; x_wconf 84' lang='lat' dir='ltr'>etiam</span> <span class='ocrx_word' id='word_1_10' title='bbox 1299 966 1381 1051; x_wconf 88' lang='lat' dir='ltr'>apud</span> 
     </span>
    </p>
   </div>
   <div class='ocr_carea' id='block_1_3' title="bbox 359 1082 1389 4235">
    <p class='ocr_par' dir='ltr' id='par_1_3' title="bbox 359 1082 1382 1287">
     <span class='ocr_line' id='line_1_3' title="bbox 360 1082 1382 1169; baseline -0.004 -20"><span class='ocrx_word' id='word_1_11' title='bbox 360 1085 530 1149; x_wconf 76' lang='lat' dir='ltr'>Pindarum</span> <span class='ocrx_word' id='word_1_12' title='bbox 553 1083 649 1161; x_wconf 90' lang='lat' dir='ltr'>illud,</span> <span class='ocrx_word' id='word_1_13' title='bbox 675 1082 758 1168; x_wconf 92' lang='lat' dir='ltr'>quod</span> <span class='ocrx_word' id='word_1_14' title='bbox 782 1084 864 1169; x_wconf 88' lang='lat' dir='ltr'>apud</span> <span class='ocrx_word' id='word_1_15' title='bbox 888 1083 1097 1148; x_wconf 88' lang='lat' dir='ltr'>Herodotum:</span> <span class='ocrx_word' id='word_1_16' title='bbox 1120 1106 1182 1147; x_wconf 92' lang='lat' dir='ltr'>non</span> <span class='ocrx_word' id='word_1_17' title='bbox 1203 1085 1277 1148; x_wconf 87' lang='lat' dir='ltr'>sinit</span> <span class='ocrx_word' id='word_1_18' title='bbox 1297 1084 1382 1147; x_wconf 89' lang='lat' dir='ltr'>Deus</span> 
     </span>
     <span class='ocr_line' id='line_1_4' title="bbox 359 1202 998 1287; baseline 0 -21"><span class='ocrx_word' id='word_1_19' title='bbox 359 1203 457 1267; x_wconf 89' lang='lat' dir='ltr'>alium</span> <span class='ocrx_word' id='word_1_20' title='bbox 484 1202 547 1265; x_wconf 93' lang='lat' dir='ltr'>alta</span> <span class='ocrx_word' id='word_1_21' title='bbox 570 1202 684 1287; x_wconf 88' lang='lat' dir='ltr'>spirare</span> <span class='ocrx_word' id='word_1_22' title='bbox 708 1202 766 1265; x_wconf 89' lang='lat' dir='ltr'>uisi</span> <span class='ocrx_word' id='word_1_23' title='bbox 791 1224 823 1266; x_wconf 87' lang='lat' dir='ltr'>se</span> <span class='ocrx_word' id='word_1_24' title='bbox 846 1202 959 1287; x_wconf 88' lang='lat' dir='ltr'>ipsum.</span> <span class='ocrx_word' id='word_1_25' title='bbox 976 1204 998 1283; x_wconf 82' lang='lat'>¹)</span> 
     </span>
    </p>

    <p class='ocr_par' dir='ltr' id='par_1_4' title="bbox 361 1319 1386 2820">
     <span class='ocr_line' id='line_1_5' title="bbox 407 1319 1378 1397; baseline -0.001 -15"><span class='ocrx_word' id='word_1_26' title='bbox 407 1319 567 1397; x_wconf 77' lang='lat' dir='ltr'>Vidimus,</span> <span class='ocrx_word' id='word_1_27' title='bbox 603 1322 635 1385; x_wconf 92' lang='lat' dir='ltr'>in</span> <span class='ocrx_word' id='word_1_28' title='bbox 669 1320 799 1385; x_wconf 75' lang='lat' dir='ltr'><strong>Tantalo</strong></span> <span class='ocrx_word' id='word_1_29' title='bbox 834 1320 1003 1385; x_wconf 82' lang='lat' dir='ltr'>Pindarum</span> <span class='ocrx_word' id='word_1_30' title='bbox 1038 1343 1101 1384; x_wconf 91' lang='lat' dir='ltr'>non</span> <span class='ocrx_word' id='word_1_31' title='bbox 1136 1329 1278 1384; x_wconf 90' lang='lat' dir='ltr'>secutum</span> <span class='ocrx_word' id='word_1_32' title='bbox 1314 1342 1378 1383; x_wconf 89' lang='lat' dir='ltr'>esse</span> 
     </span>
     <span class='ocr_line' id='line_1_6' title="bbox 361 1437 1380 1523; baseline -0.002 -22"><span class='ocrx_word' id='word_1_33' title='bbox 361 1437 560 1502; x_wconf 72' lang='lat' dir='ltr'>traditionem</span> <span class='ocrx_word' id='word_1_34' title='bbox 592 1438 758 1523; x_wconf 86' lang='lat' dir='ltr'>vulgarem.</span> <span class='ocrx_word' id='word_1_35' title='bbox 806 1437 898 1502; x_wconf 83' lang='lat' dir='ltr'>Ganit</span> <span class='ocrx_word' id='word_1_36' title='bbox 928 1454 1049 1502; x_wconf 87' lang='lat' dir='ltr'>autem:</span> <span class='ocrx_word' id='word_1_37' title='bbox 1079 1439 1126 1516; x_wconf 90' lang='lat' dir='ltr'>„si</span> <span class='ocrx_word' id='word_1_38' title='bbox 1158 1460 1249 1522; x_wconf 90' lang='lat' dir='ltr'>quem</span> <span class='ocrx_word' id='word_1_39' title='bbox 1282 1437 1380 1499; x_wconf 87' lang='lat' dir='ltr'>virum</span> 
     </span>
     <span class='ocr_line' id='line_1_7' title="bbox 361 1553 1382 1640; baseline -0.003 -21"><span class='ocrx_word' id='word_1_40' title='bbox 361 1555 523 1620; x_wconf 85' lang='lat' dir='ltr'>mortalem</span> <span class='ocrx_word' id='word_1_41' title='bbox 561 1554 686 1640; x_wconf 83' lang='lat' dir='ltr'>Olympi</span> <span class='ocrx_word' id='word_1_42' title='bbox 726 1564 857 1620; x_wconf 89' lang='lat' dir='ltr'>rectores</span> <span class='ocrx_word' id='word_1_43' title='bbox 894 1556 1100 1630; x_wconf 80' lang='lat' dir='ltr'>honorarunt,</span> <span class='ocrx_word' id='word_1_44' title='bbox 1139 1554 1199 1618; x_wconf 83' lang='lat' dir='ltr'>luit</span> <span class='ocrx_word' id='word_1_45' title='bbox 1233 1553 1382 1617; x_wconf 74' lang='lat' dir='ltr'>Tantalus</span> 
     </span>
     <span class='ocr_line' id='line_1_8' title="bbox 363 1654 1383 1757; baseline -0.001 -21"><span class='ocrx_word' id='word_1_46' title='bbox 363 1674 459 1738; x_wconf 86' lang='lat' dir='ltr'>hicce.</span> <span class='ocrx_word' id='word_1_47' title='bbox 495 1672 613 1737; x_wconf 82' lang='lat' dir='ltr'>Verum</span> <span class='ocrx_word' id='word_1_48' title='bbox 643 1664 824 1737; x_wconf 86' lang='lat' dir='ltr'>enimvero</span> <span class='ocrx_word' id='word_1_49' title='bbox 848 1694 1039 1757; x_wconf 80' lang='lat' dir='ltr'>concoquere</span> <span class='ocrx_word' id='word_1_50' title='bbox 1061 1694 1204 1755; x_wconf 84' lang='lat' dir='ltr'>magnam</span> <span class='ocrx_word' id='word_1_51' title='bbox 1227 1654 1383 1736; x_wconf 85' lang='lat' dir='ltr'>fortunam</span> 
     </span>
     <span class='ocr_line' id='line_1_9' title="bbox 362 1792 1383 1877; baseline -0.002 -21"><span class='ocrx_word' id='word_1_52' title='bbox 362 1814 425 1857; x_wconf 91' lang='lat' dir='ltr'>non</span> <span class='ocrx_word' id='word_1_53' title='bbox 460 1792 581 1877; x_wconf 86' lang='lat' dir='ltr'>potuit,</span> <span class='ocrx_word' id='word_1_54' title='bbox 617 1792 759 1876; x_wconf 72' lang='lat' dir='ltr'>luctuque</span> <span class='ocrx_word' id='word_1_55' title='bbox 794 1792 875 1877; x_wconf 91' lang='lat' dir='ltr'>cepit</span> <span class='ocrx_word' id='word_1_56' title='bbox 909 1792 1028 1860; x_wconf 87' lang='lat' dir='ltr'>cladem</span> <span class='ocrx_word' id='word_1_57' title='bbox 1060 1793 1256 1867; x_wconf 89' lang='lat' dir='ltr'>immensam,</span> <span class='ocrx_word' id='word_1_58' title='bbox 1291 1813 1383 1875; x_wconf 87' lang='lat' dir='ltr'>quam</span> 
     </span>
     <span class='ocr_line' id='line_1_10' title="bbox 366 1908 1386 1995; baseline 0 -23"><span class='ocrx_word' id='word_1_59' title='bbox 366 1918 453 1994; x_wconf 88' lang='lat' dir='ltr'>pater</span> <span class='ocrx_word' id='word_1_60' title='bbox 475 1911 504 1973; x_wconf 84' lang='lat' dir='ltr'>ei</span> <span class='ocrx_word' id='word_1_61' title='bbox 527 1932 657 1995; x_wconf 83' lang='lat' dir='ltr'>superne</span> <span class='ocrx_word' id='word_1_62' title='bbox 677 1908 854 1994; x_wconf 81' lang='lat' dir='ltr'>suspendit,</span> <span class='ocrx_word' id='word_1_63' title='bbox 880 1932 988 1973; x_wconf 84' lang='lat' dir='ltr'>saxum</span> <span class='ocrx_word' id='word_1_64' title='bbox 1012 1911 1041 1973; x_wconf 94' lang='lat' dir='ltr'>ei</span> <span class='ocrx_word' id='word_1_65' title='bbox 1064 1910 1255 1994; x_wconf 83' lang='lat' dir='ltr'>suspendens</span> <span class='ocrx_word' id='word_1_66' title='bbox 1279 1910 1386 1974; x_wconf 86' lang='lat' dir='ltr'>robus·</span> 
     </span>
     <span class='ocr_line' id='line_1_11' title="bbox 365 2027 1385 2113; baseline 0.001 -23"><span class='ocrx_word' id='word_1_67' title='bbox 365 2036 452 2105; x_wconf 93' lang='lat' dir='ltr'>tum,</span> <span class='ocrx_word' id='word_1_68' title='bbox 486 2028 570 2111; x_wconf 91' lang='lat' dir='ltr'>quod</span> <span class='ocrx_word' id='word_1_69' title='bbox 600 2027 652 2091; x_wconf 91' lang='lat' dir='ltr'>ille</span> <span class='ocrx_word' id='word_1_70' title='bbox 684 2050 802 2113; x_wconf 85' lang='lat' dir='ltr'>semper</span> <span class='ocrx_word' id='word_1_71' title='bbox 833 2036 973 2091; x_wconf 89' lang='lat' dir='ltr'>metuens</span> <span class='ocrx_word' id='word_1_72' title='bbox 1004 2051 1042 2091; x_wconf 90' lang='lat' dir='ltr'>ne</span> <span class='ocrx_word' id='word_1_73' title='bbox 1065 2036 1159 2113; x_wconf 87' lang='lat' dir='ltr'>caput</span> <span class='ocrx_word' id='word_1_74' title='bbox 1182 2051 1272 2093; x_wconf 91' lang='lat' dir='ltr'>suum</span> <span class='ocrx_word' id='word_1_75' title='bbox 1296 2029 1385 2092; x_wconf 88' lang='lat' dir='ltr'>feriat</span> 
     </span>
     <span class='ocr_line' id='line_1_12' title="bbox 364 2146 1383 2232; baseline 0.001 -23"><span class='ocrx_word' id='word_1_76' title='bbox 364 2146 501 2211; x_wconf 89' lang='lat' dir='ltr'>lactitiae</span> <span class='ocrx_word' id='word_1_77' title='bbox 534 2168 639 2232; x_wconf 79' lang='lat' dir='ltr'>expers</span> <span class='ocrx_word' id='word_1_78' title='bbox 671 2155 726 2211; x_wconf 87' lang='lat' dir='ltr'>est.</span> <span class='ocrx_word' id='word_1_79' title='bbox 775 2146 878 2211; x_wconf 88' lang='lat' dir='ltr'>Habet</span> <span class='ocrx_word' id='word_1_80' title='bbox 909 2146 988 2211; x_wconf 92' lang='lat' dir='ltr'>hauc</span> <span class='ocrx_word' id='word_1_81' title='bbox 1012 2148 1153 2211; x_wconf 90' lang='lat' dir='ltr'>miseram</span> <span class='ocrx_word' id='word_1_82' title='bbox 1179 2148 1289 2223; x_wconf 82' lang='lat' dir='ltr'>vitam,</span> <span class='ocrx_word' id='word_1_83' title='bbox 1313 2169 1383 2210; x_wconf 92' lang='lat' dir='ltr'>cum</span> 
     </span>
     <span class='ocr_line' id='line_1_13' title="bbox 365 2263 1385 2348; baseline 0 -21"><span class='ocrx_word' id='word_1_84' title='bbox 365 2263 464 2327; x_wconf 87' lang='lat' dir='ltr'>tribus</span> <span class='ocrx_word' id='word_1_85' title='bbox 497 2270 642 2347; x_wconf 88' lang='lat' dir='ltr'>quartum</span> <span class='ocrx_word' id='word_1_86' title='bbox 673 2263 826 2341; x_wconf 84' lang='lat' dir='ltr'>laborem,</span> <span class='ocrx_word' id='word_1_87' title='bbox 860 2265 933 2348; x_wconf 87' lang='lat' dir='ltr'>quia</span> <span class='ocrx_word' id='word_1_88' title='bbox 964 2264 1084 2329; x_wconf 81' lang='lat' dir='ltr'>furatus</span> <span class='ocrx_word' id='word_1_89' title='bbox 1111 2263 1291 2347; x_wconf 88' lang='lat' dir='ltr'>aequalibus</span> <span class='ocrx_word' id='word_1_90' title='bbox 1314 2286 1385 2327; x_wconf 91' lang='lat' dir='ltr'>con·</span> 
     </span>
     <span class='ocr_line' id='line_1_14' title="bbox 367 2381 1384 2466; baseline 0.001 -22"><span class='ocrx_word' id='word_1_91' title='bbox 367 2382 443 2445; x_wconf 82' lang='lat' dir='ltr'>vivis</span> <span class='ocrx_word' id='word_1_92' title='bbox 466 2382 684 2446; x_wconf 87' lang='lat' dir='ltr'>immortalium</span> <span class='ocrx_word' id='word_1_93' title='bbox 708 2389 813 2445; x_wconf 88' lang='lat' dir='ltr'>nectar</span> <span class='ocrx_word' id='word_1_94' title='bbox 836 2381 1081 2466; x_wconf 88' lang='lat' dir='ltr'>ambrosiamque</span> <span class='ocrx_word' id='word_1_95' title='bbox 1104 2382 1246 2459; x_wconf 87' lang='lat' dir='ltr'>dederat,</span> <span class='ocrx_word' id='word_1_96' title='bbox 1272 2382 1384 2464; x_wconf 88' lang='lat' dir='ltr'>quibus</span> 
     </span>
     <span class='ocr_line' id='line_1_15' title="bbox 367 2499 1386 2584; baseline 0 -21"><span class='ocrx_word' id='word_1_97' title='bbox 367 2500 469 2583; x_wconf 87' lang='lat' dir='ltr'>ipsum</span> <span class='ocrx_word' id='word_1_98' title='bbox 489 2499 692 2567; x_wconf 85' lang='lat' dir='ltr'>immortalem</span> <span class='ocrx_word' id='word_1_99' title='bbox 714 2500 884 2565; x_wconf 85' lang='lat' dir='ltr'>effecerant.</span> <span class='ocrx_word' id='word_1_100' title='bbox 921 2499 1048 2584; x_wconf 82' lang='lat' dir='ltr'>Siquid</span> <span class='ocrx_word' id='word_1_101' title='bbox 1069 2499 1181 2584; x_wconf 88' lang='lat' dir='ltr'>aliquis</span> <span class='ocrx_word' id='word_1_102' title='bbox 1198 2500 1290 2563; x_wconf 88' lang='lat' dir='ltr'>bomo</span> <span class='ocrx_word' id='word_1_103' title='bbox 1307 2522 1386 2563; x_wconf 90' lang='lat' dir='ltr'>com·</span> 
     </span>
     <span class='ocr_line' id='line_1_16' title="bbox 366 2616 1385 2702; baseline -0.001 -21"><span class='ocrx_word' id='word_1_104' title='bbox 366 2618 492 2681; x_wconf 85' lang='lat' dir='ltr'>mittens</span> <span class='ocrx_word' id='word_1_105' title='bbox 519 2640 551 2680; x_wconf 90' lang='lat' dir='ltr'>se</span> <span class='ocrx_word' id='word_1_106' title='bbox 575 2616 676 2681; x_wconf 90' lang='lat' dir='ltr'>Deum</span> <span class='ocrx_word' id='word_1_107' title='bbox 699 2617 794 2681; x_wconf 87' lang='lat' dir='ltr'>latere</span> <span class='ocrx_word' id='word_1_108' title='bbox 819 2626 927 2702; x_wconf 89' lang='lat' dir='ltr'>putat,</span> <span class='ocrx_word' id='word_1_109' title='bbox 953 2627 1042 2681; x_wconf 86' lang='lat' dir='ltr'>errat.</span> <span class='ocrx_word' id='word_1_110' title='bbox 1090 2616 1210 2681; x_wconf 88' lang='lat' dir='ltr'>Idcirco</span> <span class='ocrx_word' id='word_1_111' title='bbox 1234 2618 1385 2681; x_wconf 89' lang='lat' dir='ltr'>miserunt</span> 
     </span>
     <span class='ocr_line' id='line_1_17' title="bbox 367 2734 1325 2820; baseline 0.001 -22"><span class='ocrx_word' id='word_1_112' title='bbox 367 2734 421 2798; x_wconf 88' lang='lat' dir='ltr'>Dii</span> <span class='ocrx_word' id='word_1_113' title='bbox 444 2756 548 2799; x_wconf 87' lang='lat' dir='ltr'>rursus</span> <span class='ocrx_word' id='word_1_114' title='bbox 572 2736 636 2819; x_wconf 87' lang='lat' dir='ltr'>ejus</span> <span class='ocrx_word' id='word_1_115' title='bbox 660 2736 756 2799; x_wconf 89' lang='lat' dir='ltr'>filium</span> <span class='ocrx_word' id='word_1_116' title='bbox 781 2736 820 2799; x_wconf 85' lang='lat' dir='ltr'>ad</span> <span class='ocrx_word' id='word_1_117' title='bbox 844 2736 933 2800; x_wconf 89' lang='lat' dir='ltr'>breve</span> <span class='ocrx_word' id='word_1_118' title='bbox 958 2736 1134 2800; x_wconf 86' lang='lat' dir='ltr'>mortalium</span> <span class='ocrx_word' id='word_1_119' title='bbox 1157 2735 1287 2820; x_wconf 79' lang='lat' dir='ltr'>genus.’&#39;</span> <span class='ocrx_word' id='word_1_120' title='bbox 1300 2736 1325 2819; x_wconf 90' lang='lat'>²)</span> 
     </span>
    </p>

    <p class='ocr_par' dir='ltr' id='par_1_5' title="bbox 366 2852 1389 4235">
     <span class='ocr_line' id='line_1_18' title="bbox 413 2852 1386 2939; baseline 0.002 -23"><span class='ocrx_word' id='word_1_121' title='bbox 413 2852 518 2917; x_wconf 84' lang='lat' dir='ltr'>Simile</span> <span class='ocrx_word' id='word_1_122' title='bbox 541 2854 600 2917; x_wconf 80' lang='lat' dir='ltr'>tuit</span> <span class='ocrx_word' id='word_1_123' title='bbox 623 2853 795 2939; x_wconf 81' lang='lat' dir='ltr'>exemplum</span> <span class='ocrx_word' id='word_1_124' title='bbox 820 2855 850 2919; x_wconf 90' lang='lat' dir='ltr'>in</span> <span class='ocrx_word' id='word_1_125' title='bbox 875 2854 994 2917; x_wconf 83' lang='lat' dir='ltr'>Ixione.</span> <span class='ocrx_word' id='word_1_126' title='bbox 1041 2854 1123 2933; x_wconf 76' lang='lat' dir='ltr'>Qui,</span> <span class='ocrx_word' id='word_1_127' title='bbox 1148 2853 1308 2918; x_wconf 83' lang='lat' dir='ltr'>interfecto</span> <span class='ocrx_word' id='word_1_128' title='bbox 1332 2854 1386 2918; x_wconf 92' lang='lat' dir='ltr'>do·</span> 
     </span>
     <span class='ocr_line' id='line_1_19' title="bbox 367 2970 1385 3056; baseline 0 -21"><span class='ocrx_word' id='word_1_129' title='bbox 367 2970 432 3035; x_wconf 87' lang='lat' dir='ltr'>lose</span> <span class='ocrx_word' id='word_1_130' title='bbox 462 2992 566 3035; x_wconf 89' lang='lat' dir='ltr'>socero</span> <span class='ocrx_word' id='word_1_131' title='bbox 598 2971 752 3048; x_wconf 92' lang='lat' dir='ltr'>Deioneo,</span> <span class='ocrx_word' id='word_1_132' title='bbox 786 2971 937 3035; x_wconf 77' lang='lat' dir='ltr'>lustratus</span> <span class='ocrx_word' id='word_1_133' title='bbox 962 2979 993 3035; x_wconf 89' lang='lat' dir='ltr'>et</span> <span class='ocrx_word' id='word_1_134' title='bbox 1017 2972 1157 3056; x_wconf 87' lang='lat' dir='ltr'>expiatus</span> <span class='ocrx_word' id='word_1_135' title='bbox 1180 2994 1199 3034; x_wconf 86' lang='lat' dir='ltr'>a</span> <span class='ocrx_word' id='word_1_136' title='bbox 1220 2970 1296 3035; x_wconf 83' lang='lat' dir='ltr'>Jove</span> <span class='ocrx_word' id='word_1_137' title='bbox 1321 2982 1385 3049; x_wconf 91' lang='lat' dir='ltr'>est,</span> 
     </span>
     <span class='ocr_line' id='line_1_20' title="bbox 368 3088 1386 3175; baseline 0.002 -22"><span class='ocrx_word' id='word_1_138' title='bbox 368 3098 399 3153; x_wconf 88' lang='lat' dir='ltr'>et</span> <span class='ocrx_word' id='word_1_139' title='bbox 422 3088 454 3153; x_wconf 91' lang='lat' dir='ltr'>in</span> <span class='ocrx_word' id='word_1_140' title='bbox 478 3088 597 3155; x_wconf 90' lang='lat' dir='ltr'>coelum</span> <span class='ocrx_word' id='word_1_141' title='bbox 621 3097 769 3175; x_wconf 87' lang='lat' dir='ltr'>receptus.</span> <span class='ocrx_word' id='word_1_142' title='bbox 805 3089 974 3153; x_wconf 87' lang='lat' dir='ltr'>Beuevolos</span> <span class='ocrx_word' id='word_1_143' title='bbox 994 3092 1075 3154; x_wconf 90' lang='lat' dir='ltr'>iuter</span> <span class='ocrx_word' id='word_1_144' title='bbox 1094 3088 1243 3153; x_wconf 84' lang='lat' dir='ltr'>Gronidas</span> <span class='ocrx_word' id='word_1_145' title='bbox 1263 3090 1386 3155; x_wconf 88' lang='lat' dir='ltr'>dulcem</span> 
     </span>
     <span class='ocr_line' id='line_1_21' title="bbox 368 3208 1387 3293; baseline 0.003 -23"><span class='ocrx_word' id='word_1_146' title='bbox 368 3208 462 3272; x_wconf 81' lang='lat' dir='ltr'>vitam</span> <span class='ocrx_word' id='word_1_147' title='bbox 489 3217 613 3281; x_wconf 87' lang='lat' dir='ltr'>nactus,</span> <span class='ocrx_word' id='word_1_148' title='bbox 640 3208 763 3293; x_wconf 79' lang='lat' dir='ltr'>longam</span> <span class='ocrx_word' id='word_1_149' title='bbox 788 3230 850 3272; x_wconf 89' lang='lat' dir='ltr'>non</span> <span class='ocrx_word' id='word_1_150' title='bbox 874 3209 1023 3272; x_wconf 86' lang='lat' dir='ltr'>sustinuit</span> <span class='ocrx_word' id='word_1_151' title='bbox 1045 3208 1239 3286; x_wconf 80' lang='lat' dir='ltr'>felicitatem,</span> <span class='ocrx_word' id='word_1_152' title='bbox 1266 3209 1319 3273; x_wconf 92' lang='lat' dir='ltr'>sed</span> <span class='ocrx_word' id='word_1_153' title='bbox 1343 3209 1387 3273; x_wconf 83' lang='lat' dir='ltr'>in·</span> 
     </span>
     <span class='ocr_line' id='line_1_22' title="bbox 366 3324 1387 3409; baseline 0.001 -22"><span class='ocrx_word' id='word_1_154' title='bbox 366 3348 443 3390; x_wconf 82' lang='lat' dir='ltr'>sana</span> <span class='ocrx_word' id='word_1_155' title='bbox 464 3338 566 3389; x_wconf 87' lang='lat' dir='ltr'>mente</span> <span class='ocrx_word' id='word_1_156' title='bbox 589 3324 744 3390; x_wconf 73' lang='lat' dir='ltr'>turronem</span> <span class='ocrx_word' id='word_1_157' title='bbox 768 3326 895 3403; x_wconf 88' lang='lat' dir='ltr'>amavit,</span> <span class='ocrx_word' id='word_1_158' title='bbox 921 3348 1013 3409; x_wconf 87' lang='lat' dir='ltr'>quam</span> <span class='ocrx_word' id='word_1_159' title='bbox 1035 3326 1121 3389; x_wconf 81' lang='lat' dir='ltr'>lovis</span> <span class='ocrx_word' id='word_1_160' title='bbox 1141 3326 1239 3389; x_wconf 89' lang='lat' dir='ltr'>lectus</span> <span class='ocrx_word' id='word_1_161' title='bbox 1259 3327 1387 3389; x_wconf 86' lang='lat' dir='ltr'>sortitus</span> 
     </span>
     <span class='ocr_line' id='line_1_23' title="bbox 367 3442 1385 3528; baseline -0.001 -22"><span class='ocrx_word' id='word_1_162' title='bbox 367 3452 424 3507; x_wconf 88' lang='lat' dir='ltr'>cst.</span> <span class='ocrx_word' id='word_1_163' title='bbox 472 3442 532 3506; x_wconf 81' lang='lat' dir='ltr'>Sed</span> <span class='ocrx_word' id='word_1_164' title='bbox 556 3443 699 3527; x_wconf 86' lang='lat' dir='ltr'>superbia</span> <span class='ocrx_word' id='word_1_165' title='bbox 721 3466 792 3506; x_wconf 86' lang='lat' dir='ltr'>eum</span> <span class='ocrx_word' id='word_1_166' title='bbox 814 3444 847 3506; x_wconf 94' lang='lat' dir='ltr'>in</span> <span class='ocrx_word' id='word_1_167' title='bbox 868 3444 1019 3527; x_wconf 82' lang='lat' dir='ltr'>insignem</span> <span class='ocrx_word' id='word_1_168' title='bbox 1041 3442 1245 3507; x_wconf 83' lang='lat' dir='ltr'>calamitatem</span> <span class='ocrx_word' id='word_1_169' title='bbox 1266 3444 1385 3528; x_wconf 89' lang='lat' dir='ltr'>injecit:</span> 
     </span>
     <span class='ocr_line' id='line_1_24' title="bbox 366 3560 1387 3647; baseline -0.001 -21"><span class='ocrx_word' id='word_1_170' title='bbox 366 3584 439 3626; x_wconf 83' lang='lat' dir='ltr'>mox</span> <span class='ocrx_word' id='word_1_171' title='bbox 458 3584 566 3647; x_wconf 86' lang='lat' dir='ltr'>passus</span> <span class='ocrx_word' id='word_1_172' title='bbox 583 3562 667 3646; x_wconf 87' lang='lat' dir='ltr'>justa</span> <span class='ocrx_word' id='word_1_173' title='bbox 688 3560 870 3645; x_wconf 85' lang='lat' dir='ltr'>exquisitam</span> <span class='ocrx_word' id='word_1_174' title='bbox 887 3560 1056 3625; x_wconf 89' lang='lat' dir='ltr'>molestiam</span> <span class='ocrx_word' id='word_1_175' title='bbox 1073 3570 1182 3625; x_wconf 85' lang='lat' dir='ltr'>nactus</span> <span class='ocrx_word' id='word_1_176' title='bbox 1199 3571 1254 3625; x_wconf 87' lang='lat' dir='ltr'>est.</span> <span class='ocrx_word' id='word_1_177' title='bbox 1291 3560 1387 3647; x_wconf 89' lang='lat' dir='ltr'>Opor-</span> 
     </span>
     <span class='ocr_line' id='line_1_25' title="bbox 367 3679 1385 3765; baseline 0.001 -22"><span class='ocrx_word' id='word_1_178' title='bbox 367 3688 413 3743; x_wconf 87' lang='lat' dir='ltr'>tet</span> <span class='ocrx_word' id='word_1_179' title='bbox 447 3682 512 3765; x_wconf 89' lang='lat' dir='ltr'>ejus</span> <span class='ocrx_word' id='word_1_180' title='bbox 548 3679 687 3763; x_wconf 86' lang='lat' dir='ltr'>exemplo</span> <span class='ocrx_word' id='word_1_181' title='bbox 722 3702 840 3764; x_wconf 90' lang='lat' dir='ltr'>semper</span> <span class='ocrx_word' id='word_1_182' title='bbox 874 3680 972 3743; x_wconf 86' lang='lat' dir='ltr'>omnis</span> <span class='ocrx_word' id='word_1_183' title='bbox 1008 3681 1051 3743; x_wconf 90' lang='lat' dir='ltr'>rei</span> <span class='ocrx_word' id='word_1_184' title='bbox 1083 3687 1219 3765; x_wconf 86' lang='lat' dir='ltr'>spectare</span> <span class='ocrx_word' id='word_1_185' title='bbox 1249 3680 1385 3745; x_wconf 87' lang='lat' dir='ltr'>modurn.</span> 
     </span>
     <span class='ocr_line' id='line_1_26' title="bbox 368 3794 1387 3883; baseline 0.001 -22"><span class='ocrx_word' id='word_1_186' title='bbox 368 3794 491 3861; x_wconf 87' lang='lat' dir='ltr'>Nubem</span> <span class='ocrx_word' id='word_1_187' title='bbox 525 3820 579 3881; x_wconf 88' lang='lat' dir='ltr'>pro</span> <span class='ocrx_word' id='word_1_188' title='bbox 603 3796 725 3860; x_wconf 88' lang='lat' dir='ltr'>Juuone</span> <span class='ocrx_word' id='word_1_189' title='bbox 750 3797 908 3881; x_wconf 83' lang='lat' dir='ltr'>amplexus</span> <span class='ocrx_word' id='word_1_190' title='bbox 932 3807 996 3874; x_wconf 87' lang='lat' dir='ltr'>est,</span> <span class='ocrx_word' id='word_1_191' title='bbox 1021 3797 1168 3883; x_wconf 89' lang='lat' dir='ltr'>insipiens</span> <span class='ocrx_word' id='word_1_192' title='bbox 1193 3799 1255 3875; x_wconf 83' lang='lat' dir='ltr'>vir,</span> <span class='ocrx_word' id='word_1_193' title='bbox 1279 3798 1387 3862; x_wconf 87' lang='lat' dir='ltr'>fraude</span> 
     </span>
     <span class='ocr_line' id='line_1_27' title="bbox 367 3912 1389 3999; baseline 0.002 -22"><span class='ocrx_word' id='word_1_194' title='bbox 367 3937 386 3977; x_wconf 89' lang='lat' dir='ltr'>a</span> <span class='ocrx_word' id='word_1_195' title='bbox 408 3914 485 3978; x_wconf 82' lang='lat' dir='ltr'>Jove</span> <span class='ocrx_word' id='word_1_196' title='bbox 508 3915 660 3999; x_wconf 84' lang='lat' dir='ltr'>imposito.</span> <span class='ocrx_word' id='word_1_197' title='bbox 708 3912 767 3977; x_wconf 85' lang='lat' dir='ltr'>Sed</span> <span class='ocrx_word' id='word_1_198' title='bbox 793 3914 928 3999; x_wconf 88' lang='lat' dir='ltr'>duplicis</span> <span class='ocrx_word' id='word_1_199' title='bbox 953 3914 1094 3978; x_wconf 86' lang='lat' dir='ltr'>maleficii</span> <span class='ocrx_word' id='word_1_200' title='bbox 1113 3916 1243 3978; x_wconf 86' lang='lat' dir='ltr'>famosas</span> <span class='ocrx_word' id='word_1_201' title='bbox 1262 3916 1294 3979; x_wconf 90' lang='lat' dir='ltr'>in</span> <span class='ocrx_word' id='word_1_202' title='bbox 1314 3916 1389 3979; x_wconf 84' lang='lat' dir='ltr'>inle-</span> 
     </span>
     <span class='ocr_line' id='line_1_28' title="bbox 367 4032 1388 4117; baseline 0.002 -22"><span class='ocrx_word' id='word_1_203' title='bbox 367 4033 409 4095; x_wconf 85' lang='lat' dir='ltr'>ris</span> <span class='ocrx_word' id='word_1_204' title='bbox 434 4054 546 4115; x_wconf 87' lang='lat' dir='ltr'>poenas</span> <span class='ocrx_word' id='word_1_205' title='bbox 570 4032 648 4096; x_wconf 89' lang='lat' dir='ltr'>luit:</span> <span class='ocrx_word' id='word_1_206' title='bbox 674 4032 812 4117; x_wconf 83' lang='lat' dir='ltr'>illigatus</span> <span class='ocrx_word' id='word_1_207' title='bbox 838 4040 922 4097; x_wconf 83' lang='lat' dir='ltr'>rotae</span> <span class='ocrx_word' id='word_1_208' title='bbox 944 4032 1080 4097; x_wconf 88' lang='lat' dir='ltr'>Deorum</span> <span class='ocrx_word' id='word_1_209' title='bbox 1096 4034 1185 4117; x_wconf 71' lang='lat' dir='ltr'>jussu</span> <span class='ocrx_word' id='word_1_210' title='bbox 1206 4033 1388 4098; x_wconf 83' lang='lat' dir='ltr'>mortalibus</span> 
     </span>
     <span class='ocr_line' id='line_1_29' title="bbox 367 4149 1389 4235; baseline 0.002 -22"><span class='ocrx_word' id='word_1_211' title='bbox 367 4150 514 4227; x_wconf 87' lang='lat' dir='ltr'>nunciat,</span> <span class='ocrx_word' id='word_1_212' title='bbox 550 4157 585 4213; x_wconf 91' lang='lat' dir='ltr'>ut</span> <span class='ocrx_word' id='word_1_213' title='bbox 616 4149 838 4215; x_wconf 80' lang='lat' dir='ltr'>benefactorem</span> <span class='ocrx_word' id='word_1_214' title='bbox 868 4150 1012 4215; x_wconf 90' lang='lat' dir='ltr'>dulcibus</span> <span class='ocrx_word' id='word_1_215' title='bbox 1039 4151 1146 4234; x_wconf 83' lang='lat' dir='ltr'>gratiis</span> <span class='ocrx_word' id='word_1_216' title='bbox 1171 4158 1389 4235; x_wconf 87' lang='lat' dir='ltr'>prosequentes</span> 
     </span>
    </p>
   </div>
   <div class='ocr_carea' id='block_1_4' title="bbox 401 4422 1266 4670">
    <p class='ocr_par' dir='ltr' id='par_1_6' title="bbox 401 4422 1266 4670">
     <span class='ocr_line' id='line_1_30' title="bbox 403 4422 1238 4495; baseline 0 -24"><span class='ocrx_word' id='word_1_217' title='bbox 403 4424 427 4481; x_wconf 86' lang='grc' dir='ltr'>Ι)</span> <span class='ocrx_word' id='word_1_218' title='bbox 445 4422 498 4472; x_wconf 80' lang='lat' dir='ltr'>vid.</span> <span class='ocrx_word' id='word_1_219' title='bbox 515 4422 649 4488; x_wconf 74' lang='lat' dir='ltr'>disqru&#39;er&#39;tio</span> <span class='ocrx_word' id='word_1_220' title='bbox 666 4427 747 4472; x_wconf 71' lang='lat' dir='ltr'>noma</span> <span class='ocrx_word' id='word_1_221' title='bbox 764 4423 794 4470; x_wconf 78' lang='lat' dir='ltr'>de</span> <span class='ocrx_word' id='word_1_222' title='bbox 814 4422 932 4472; x_wconf 81' lang='lat' dir='ltr'>Herodoti</span> <span class='ocrx_word' id='word_1_223' title='bbox 948 4422 1096 4485; x_wconf 63' lang='lat' dir='ltr'>philosophia</span> <span class='ocrx_word' id='word_1_224' title='bbox 1102 4457 1110 4481; x_wconf 93' lang='lat'>,</span> <span class='ocrx_word' id='word_1_225' title='bbox 1128 4439 1181 4495; x_wconf 64' lang='lat' dir='ltr'>paq.</span> <span class='ocrx_word' id='word_1_226' title='bbox 1199 4422 1238 4474; x_wconf 79' lang='grc'>37.</span> 
     </span>
     <span class='ocr_line' id='line_1_31' title="bbox 401 4518 664 4578; baseline 0.008 -11"><span class='ocrx_word' id='word_1_227' title='bbox 401 4519 426 4578; x_wconf 78' lang='lat'>2)</span> <span class='ocrx_word' id='word_1_228' title='bbox 445 4518 482 4569; x_wconf 82' lang='lat'>01.</span> <span class='ocrx_word' id='word_1_229' title='bbox 500 4520 522 4569; x_wconf 89' lang='grc' dir='ltr'>Ῑ.</span> <span class='ocrx_word' id='word_1_230' title='bbox 540 4518 664 4569; x_wconf 73' lang='lat' dir='ltr'>tat-108.</span> 
     </span>
     <span class='ocr_line' id='line_1_32' title="bbox 1229 4613 1266 4670; baseline 0 -23"><span class='ocrx_word' id='word_1_231' title='bbox 1229 4613 1266 4670; x_wconf 63' lang='grc' dir='ltr'>ρει</span> 
     </span>
    </p>
   </div>
   <div class='ocr_carea' id='block_1_5' title="bbox 0 0 1878 5542">
    <p class='ocr_par' dir='ltr' id='par_1_7' title="bbox 0 0 1878 5542">
     <span class='ocr_line' id='line_1_33' title="bbox 0 0 1878 5542; baseline 0 0"><span class='ocrx_word' id='word_1_232' title='bbox 0 0 1878 5542; x_wconf 95' lang='lat' dir='ltr'> </span> 
     </span>
    </p>
   </div>
  </div>
 </body>
</html>
