3725 5542
823 724 887 787 378

352 928 516 993 Pausanias
540 948 609 991 vero
633 926 671 990 de
694 926 799 991 codem
823 934 926 992 narrat
949 926 1072 1004 eadem,
1097 948 1228 1012 eumque
1244 930 1359 1016 simpli·

353 1046 429 1110 citer
459 1045 593 1132 appellat
624 1049 735 1110 Ἠλεῖον
766 1052 821 1111 τῶν
844 1046 995 1125 ’Iamlam
1020 1032 1050 1111 et
1073 1048 1138 1132 ejus
1161 1068 1198 1112 ex
1221 1048 1284 1113 filio
1308 1072 1358 1114 ue·
1399 1048 1407 1059 “

354 1174 455 1251 potem
480 1163 602 1249 Hagiau
625 1164 769 1230 vaticinio
792 1188 849 1229 suo
873 1188 994 1251 parasse
1017 1165 1177 1251 Lysandro
1198 1167 1356 1233 victoriam

351 1292 382 1349 et
404 1284 509 1349 classis
533 1282 769 1348 Atheniensium
792 1284 964 1369 captionem
989 1284 1028 1348 ad
1044 1285 1309 1371 Aegospotamon:
1326 1295 1357 1352 et

350 1405 382 1467 in
416 1403 482 1467 foro
517 1402 644 1487 Spartae
678 1402 743 1487 ojus
778 1402 896 1487 Hagiac
927 1404 1019 1468 etiam
1050 1424 1106 1467 sua
1136 1409 1235 1467 aetate
1265 1404 1356 1468 luisse
1418 1401 1425 1412 ”

351 1530 483 1587 abluam
511 1542 650 1586 aeneam:
674 1519 710 1583 L.
736 1520 787 1584 III
810 1520 844 1585 C.
870 1520 918 1585 XI
942 1524 977 1599 5,
1003 1524 1034 1583 6.
1069 1524 1173 1605 Atque
1195 1522 1255 1606 ipsi
1271 1523 1355 1607 genti

350 1640 382 1705 in
414 1662 450 1703 ea
479 1639 553 1703 urbe
584 1646 772 1703 exstructum
800 1639 860 1703 luit
890 1646 1140 1703 monumentum:
1167 1648 1272 1716 μνῆμαι
1293 1647 1354 1711 τοῖς

336 1740 384 1835 ¹a'f
409 1758 526 1829 Ἤλιδος
556 1756 695 1835 μάντεσι,
728 1756 913 1835 καλουμένοις
936 1758 965 1822 δὲ
987 1756 1149 1835 Ἰαμίδαιιςε
1174 1756 1209 1821 (l.
1233 1757 1300 1822 XII
1324 1761 1352 1824 7.

350 1878 388 1943 In
420 1877 506 1942 bellis
538 1876 697 1941 Messeniis
725 1898 795 1941 vero
825 1876 987 1941 Eumantis
1019 1884 1050 1941 et
1073 1885 1180 1962 postea
1201 1876 1353 1943 Theoclus

350 1996 512 2061 Messeniis
549 1994 709 2060 adfuerant
747 1994 889 2059 adversus
918 1994 1191 2061 Lacedaemonios:
1223 2018 1353 2080 quorum

349 2124 479 2201 uterque
507 2114 567 2179 fuit
597 2137 614 2179 s
644 2121 734 2198 genta
763 2112 963 2178 Iamidarum.
1009 2113 1046 2178 L.
1079 2113 1188 2179 Ill-0.
1214 2114 1291 2179 XVI
1323 2119 1373 2180 1.·
1425 2186 1432 2205 ⁸

350 2233 484 2299 Tandem
527 2232 565 2297 ab
606 2231 711 2296 codem
748 2233 893 2318 scriptore
932 2255 969 2296 ex
1007 2232 1137 2297 Jamidis
1170 2243 1355 2301 memoratur

353 2349 561 2436 Thrasybulus
603 2351 723 2414 Aeneae
765 2350 860 2429 filins,
903 2350 1166 2417 Mantineensibus
1208 2361 1290 2417 vates
1325 2360 1355 2417 ct

351 2471 473 2556 adjutor
504 2470 537 2534 in
561 2466 675 2554 proelio
696 2468 775 2533 facto
799 2469 943 2534 adversius
963 2469 1234 2548 Lacedaemonios,
1258 2492 1354 2555 quum

351 2588 428 2654 duca
450 2588 546 2652 Arato
569 2587 638 2651 illos
662 2588 800 2651 vicerunt
823 2596 854 2651 at
876 2610 979 2673 regem
1001 2610 1105 2652 sorum
1131 2587 1259 2673 Agidem
1276 2589 1353 2653 occi-

350 2707 477 2772 derunt:
509 2705 556 2771 L„
577 2704 659 2771 VIII
690 2703 724 2769 O.
756 2703 785 2768 X
813 2708 850 2783 4,
875 2712 907 2770 et
929 2705 966 2770 L.
991 2704 1037 2770 VI
1060 2706 1095 2771 Ο.
1119 2705 1154 2771 II
1178 2710 1215 2770 2:
1241 2716 1272 2772 et
1294 2707 1352 2774 hoc

349 2825 472 2911 quidem
504 2825 571 2889 loco
602 2826 693 2889 etiam
722 2824 821 2908 gentis
845 2824 993 2909 originem
1015 2832 1163 2889 memorat
1184 2826 1351 2919 secundum

349 2944 533 3011 Pindarum:
557 2944 582 3008 ol
603 2942 625 3007 δ’
645 2942 773 3021 Ἰαμίδαι
796 2943 967 3019 καλούμενοι
989 2944 1110 3019 μάντεις
1122 2944 1279 3023 γεγόνασιν
1294 2944 1354 3009 ἀπὸ

348 3062 465 3141 Ἰάμου·
490 3062 538 3127 τὸν
559 3062 589 3127 δὲ
612 3058 682 3127 εἶναι
706 3062 804 3126 παῖδα
825 3060 1008 3135 Ἀπόηωνος
1026 3063 1075 3127 καὶ
1091 3062 1198 3139 λαβεῖν
1212 3064 1355 3139 μαντικήν

350 3189 438 3263 Φησιν
461 3184 490 3246 ἕν
512 3180 628 3264 ᾄσματι
651 3181 797 3261 liblacum.

395 3300 440 3365 Ex
466 3300 523 3364 hac
546 3308 606 3363 tam
631 3298 746 3363 illustri
770 3308 873 3365 vatum
891 3300 1006 3366 familia
1021 3301 1149 3386 Agasias
1164 3299 1232 3364 fnit.
1268 3298 1356 3385 Ejus·

352 3420 419 3485 dem
443 3428 622 3504 proavorum
647 3418 775 3483 sociatos
803 3420 861 3483 fuit
877 3418 1105 3484 condendarum
1121 3417 1352 3502 Syracusarum,

350 3548 386 3604 ut
415 3548 542 3624 apparet
572 3560 608 3602 ex
641 3536 733 3623 hujus
756 3538 898 3602 carminis
922 3560 956 3601 vs
980 3540 1009 3603 8.
1057 3536 1169 3621 Ibique
1191 3535 1355 3627 scholiasta

230 3746 233 3753 1
351 3664 438 3723 vetus
464 3663 606 3732 annotat,
632 3656 756 3721 comites
781 3678 817 3719 ax
839 3655 970 3720 Iamidis
994 3654 1127 3720 adfuisse
1150 3654 1280 3719 Archiae
1303 3652 1356 3740 sy-

351 3798 526 3841 racusarnm
558 3774 718 3840 conditori.
764 3772 874 3859 Neque
901 3773 963 3837 alia
985 3774 1023 3839 de
1045 3775 1103 3839 hac
1125 3798 1158 3840 re
1180 3774 1354 3839 testimonia

314 3930 319 3937 ·
352 3900 526 3977 supersunt.
572 3892 714 3976 Agesiam
748 3891 941 3955 nominatum
964 3892 1058 3957 luisse
1080 3891 1118 3957 ab
1141 3891 1209 3956 aliis
1232 3890 1357 3977 Syracu·

352 4010 448 4088 sium,
483 4011 521 4074 ab
555 4009 622 4074 aliis
656 4008 897 4095 Stymphalium,
927 4010 1019 4075 etiam
1046 4011 1080 4076 in
1110 4017 1210 4075 vetera
1239 4009 1356 4074 scholio

353 4128 494 4193 traditur.
526 4128 619 4192 Recte
642 4136 744 4193 tamen
767 4129 798 4192 in
821 4128 908 4193 libris
931 4129 1089 4214 inscriptio
1113 4135 1159 4193 ast
1181 4126 1356 4212 Syracosio,

353 4254 389 4311 ut
412 4270 448 4311 ex
470 4247 536 4333 ipso
560 4246 692 4311 carmine
716 4254 853 4331 apparet.
1270 4258 1275 4263 “

397 4364 469 4446 Qua
491 4364 673 4451 Olympiade
692 4362 821 4450 Agesiae
841 4364 968 4429 victoria
981 4370 1136 4449 reportata
1151 4363 1258 4442 fuerit,
1275 4365 1360 4448 igno·

355 4485 413 4552 rari
437 4492 522 4551 vetus
546 4482 709 4549 scholiasta
730 4482 846 4549 scribit.
893 4480 965 4547 Iluit
987 4483 1114 4547 victoria
1135 4481 1246 4547 rhedae
1265 4481 1361 4546 mula·
