3725 5542
813 709 877 768 445

336 909 417 973 euim
441 907 612 972 attendenti
635 905 722 970 lovis
745 904 905 990 epitheton
929 906 1062 970 obscura
1085 905 1206 971 videtur
1228 906 1356 972 Pindari

336 1027 508 1102 sententia,
540 1024 676 1089 divinam
707 1045 810 1087 curam
840 1023 873 1087 in
904 1023 1000 1108 patris
1028 1023 1179 1088 desiderio
1203 1046 1356 1109 procura

338 1149 464 1228 paterna
493 1141 715 1226 praedicantis:
748 1162 844 1224 quum
872 1148 972 1204 tamen
998 1141 1108 1204 eximia
1131 1141 1262 1225 quadam
1287 1163 1355 1206 sua-

228 1318 232 1324 .
338 1260 449 1338 vitate,
481 1258 740 1342 quemadmodum
771 1257 863 1320 modo
898 1259 1035 1336 fecerat,
1067 1257 1185 1322 silendo
1213 1257 1354 1322 Callima·

337 1376 448 1454 chum,
477 1373 585 1438 Jovem
616 1396 687 1438 vero
717 1373 932 1451 memorando,
961 1396 1023 1438 non
1054 1374 1153 1438 luctui
1185 1374 1354 1459 subjungat

338 1493 500 1571 solatium,
523 1491 576 1556 sed
600 1492 696 1577 ipsam
719 1491 823 1556 luctus
842 1490 1060 1574 cogitationem
1076 1491 1237 1556 submittat
1252 1491 1354 1555 solatii

339 1609 556 1694 magnitudini.

384 1729 439 1791 al.
473 1726 634 1807 πρόφατον.
677 1724 777 1788 Simili
800 1724 896 1788 forma
920 1724 1088 1808 ὑπέρφκπον
1111 1724 1152 1789 01
1176 1726 1223 1790 ΙΧ
1247 1729 1301 1792 98.

386 1847 440 1908 23.
474 1844 568 1917 θῆκεν.
603 1841 746 1906 Fortasse
781 1841 838 1905 hoe
874 1841 1000 1906 verbum
1032 1844 1167 1927 positum
1200 1852 1263 1922 est,
1295 1867 1357 1930 quo

339 1960 530 2025 luculentius
563 1959 754 2044 significetur
787 1958 936 2043 singulari
971 1958 1076 2023 divino
1109 1960 1254 2026 beneficio
1286 1961 1358 2026 data

343 2078 550 2144 Alcimedouti
581 2077 717 2141 notoria.
764 2077 859 2161 Apud
891 2077 984 2140 Hom.
1017 2077 1055 2141 ss.
1087 2077 1165 2140 XIX
1197 2082 1260 2144 407
1286 2079 1359 2142 allo

343 2197 451 2280 quitur
476 2194 627 2258 Achillem
651 2195 717 2278 ojus
741 2216 857 2280 equus,
1176 2281 1177 2284 Ἴ

523 2312 667 2388 adonim
690 2312 713 2376 ἴ
736 2312 817 2385 ἔθηκε
839 2313 891 2376 θεοὶ
914 2313 1088 2386 λευκώλενος
1109 2314 1193 2394 Ἥρη.

343 2428 436 2514 Apud
461 2434 601 2492 nostrum
624 2428 679 2513 Py.
703 2427 751 2492 IX
775 2431 813 2492 13
839 2428 952 2512 Apollo
972 2427 1109 2512 Cyrenen
1126 2431 1194 2505 θῆκε
1209 2431 1359 2498 δέσποιναν

343 2547 461 2628 χθονός,
487 2552 518 2610 et
536 2550 578 2610 93
603 2548 631 2610 ei
655 2547 845 2632 praedictum
869 2547 984 2622 fuerat,
1010 2572 1049 2612 νον
1072 2549 1232 2628 ἀρχέπολιν
1256 2551 1359 2624 δήσεις.

350 2663 396 2730 dd
432 2665 559 2729 eandem
595 2665 848 2749 significationem
884 2665 1035 2749 pertinere
1073 2665 1192 2730 videtur
1223 2667 1361 2730 modesta

344 2784 481 2849 laudatio
505 2806 539 2848 vs
563 2786 604 2846 25
629 2785 703 2864 ἔργῳ
725 2787 756 2848 οὐ
780 2785 861 2848 κοντοὶ
883 2780 958 2856 εἶδος
974 2786 1128 2864 ἐλέγχων,
1146 2784 1172 2846 si
1188 2785 1215 2847 ei
1233 2785 1359 2849 victoria

343 2923 407 2966 non
430 2900 596 2965 admodum
620 2900 752 2965 difficilis
775 2901 853 2979 fuit,
877 2908 913 2963 ut
935 2899 974 2964 ad
999 2923 1032 2963 vs
1057 2903 1098 2964 90
1121 2899 1358 2984 disputabimus.

390 3020 444 3083 Μ.
472 3014 534 3083 Ἦν
548 3018 574 3082 δ’
587 3020 686 3101 ε’σορρῖν
700 3018 801 3093 made,
816 3018 892 3098 ἔργῳ
905 3043 933 3083 κ.
951 3043 980 3084 π.
997 3033 1026 3082 λ.
1043 3016 1132 3082 Gonf.
1145 3016 1236 3083 Nem.
1250 3016 1357 3084 11132

659 3131 731 3199 sta
754 3135 805 3198 ε’ὢν
827 3134 918 3206 made

658 3248 791 3331 ἔρδοντ’
816 3251 930 3316 ἐονκόποο
953 3258 1065 3335 μορφᾷ.

392 3370 445 3432 29.
480 3368 629 3432 οὶσκεῑπον.
664 3366 721 3430 llst
755 3389 827 3432 sane
861 3367 920 3432 hoo
954 3367 1022 3432 loeo
1053 3367 1178 3432 Themis
1211 3369 1293 3448 Dea,
1326 3383 1362 3435 ut

346 3485 509 3550 manifesto
532 3491 659 3569 apparet
682 3507 718 3548 ex
742 3484 890 3569 epitheto.
925 3484 1032 3548 Potest
1056 3493 1155 3550 autam
1179 3489 1281 3552 ἀσκεῖν
1303 3489 1362 3573 sig·

346 3601 553 3666 nificationem
583 3600 694 3665 habere
721 3600 861 3680 uolendi,
893 3601 1064 3666 honorandi
1094 3602 1243 3687 aliquem:
1277 3605 1362 3670 velut

346 3718 429 3803 apud
451 3717 560 3802 Eurip.
584 3717 677 3783 Rhes.
701 3721 768 3782 944
791 3719 883 3782 Musa
906 3718 1075 3784 Minervam
1102 3720 1287 3806 alloquitur:
1313 3747 1361 3787 ur·

347 3834 416 3899 bem
439 3841 524 3900 tuam
548 3835 735 3900 honoramus
759 3845 790 3901 et
812 3836 992 3914 Musaeum,
1019 3837 1115 3902 civem
1132 3846 1240 3916 tuum,
1256 3842 1360 3924 magni

345 3952 486 4016 fecimus:
511 3953 671 4026 niarasis
695 3953 913 4034 πρεσβεύομεν,
938 3955 1089 4020 Μονσοοῑδν
1110 3981 1144 4020 σε
1168 3956 1216 4020 σὸν
1239 3958 1359 4032 πολίτην

345 4069 526 4148 ἠσκήσαμεν.
561 4068 727 4134 sicariam
752 4070 810 4134 hoe
833 4070 901 4134 loeo
924 4071 955 4134 id
981 4070 1105 4136 verbnm
1130 4073 1161 4136 in
1183 4073 1360 4138 adoratione

344 4186 480 4250 numinis
517 4186 719 4271 significanda
748 4189 822 4272 poni
853 4196 983 4272 poterat.
1019 4188 1237 4256 Verumtamen
1269 4213 1359 4276 saepe

344 4302 498 4367 Pindarus
526 4303 633 4368 miscet
656 4305 778 4389 copiose
801 4306 1039 4389 significationes
1063 4307 1225 4372 numinum
1251 4316 1281 4372 et
1305 4310 1362 4372 vir-

346 4430 450 4485 tutum
481 4443 604 4499 aarum,
636 4422 749 4506 quibus
781 4423 834 4487 illa
866 4425 1019 4510 praesint,
1044 4432 1075 4488 et
1098 4431 1220 4489 contra:
1246 4425 1284 4489 of.
1308 4424 1359 4489 01.
1432 4452 1433 4455 ¹
