3725 5542
786 717 849 779 ota
885 738 889 743 ’

315 917 476 982 diversitas
499 916 686 1000 scripturae,
710 936 802 999 quam
827 916 859 979 iu
881 917 1082 1002 inscriptione
1105 939 1170 980 esse
1194 915 1328 981 innotis
1391 984 1396 995 ,

211 1114 218 1123 ⁸
314 1036 427 1100 criticis
450 1035 645 1110 monuimus,
669 1055 731 1097 non
755 1054 897 1117 magnam
914 1032 1077 1116 dubitandi
1093 1056 1213 1097 oausam
1231 1033 1328 1097 facere

313 1154 460 1219 videatur.

357 1271 443 1337 Vicit
476 1270 647 1355 Asopichus
678 1268 836 1334 Cleodami
867 1269 949 1332 filius
981 1270 1014 1333 iu
1046 1290 1209 1353 puerorum
1235 1276 1329 1331 certa-

313 1390 396 1452 mine
426 1386 586 1451 currendi:
617 1386 812 1471 Hurtuugius
842 1388 950 1450 nescio-
972 1408 1034 1469 quo
1058 1406 1158 1449 errore
1181 1386 1328 1469 interpre-

313 1513 398 1570 tatur
423 1503 801 1589 Faustkitmpierhnabeu.
847 1502 946 1567 Fuere
969 1502 1112 1568 currendi
1135 1510 1166 1567 et
1189 1501 1327 1566 luctandi

315 1644 480 1709 puerorum
510 1623 654 1687 instituta
684 1622 850 1687 certamine
882 1619 1065 1707 Olympiade
1093 1620 1267 1697 XXXVII,
1293 1628 1330 1683 ut

313 1740 410 1805 tradit
431 1739 599 1804 Pausanias
623 1738 659 1804 L.
685 1738 713 1800 V
735 1737 770 1802 G.
795 1736 878 1803 VIII
901 1739 933 1802 3.

359 1857 494 1923 Victoria
528 1858 628 1943 patria
655 1856 874 1921 Orchomenus
908 1858 1109 1953 antiquitate,
1153 1856 1328 1942 opulentia,

315 1977 429 2061 gloria,
460 1978 493 2041 in
524 1976 648 2040 Graecis
678 1974 870 2038 nobilissima
901 1975 977 2051 luit,
1000 1975 1107 2060 ibique
1131 1974 1204 2040 olim
1227 1977 1328 2060 gentis

317 2093 501 2157 clarissimae
532 2091 708 2175 Minyarum
739 2091 867 2155 fuerunt
888 2092 1087 2157 incunabula.
1135 2091 1328 2177 Singularem

316 2216 348 2274 et
370 2209 522 2293 quendam
545 2208 703 2292 proprium
726 2206 780 2271 illa
802 2209 910 2273 civitas
933 2208 1109 2274 Gratiarum
1135 2208 1255 2273 cultum
1279 2210 1330 2273 ha·

317 2327 396 2391 huit.
420 2326 463 2389 Et
485 2326 540 2390 has
564 2325 687 2410 quidem
712 2333 780 2390 toto
802 2326 865 2391 fere
888 2328 1021 2392 carmine
1044 2327 1141 2391 Poeta
1156 2328 1329 2413 compellat.

361 2444 479 2509 &bum
502 2451 588 2528 patre
611 2445 755 2508 rictorem
781 2444 874 2509 luisse
897 2453 1024 2531 apparet
1044 2455 1230 2531 epostrema
1245 2454 1331 2531 parte

303 2562 469 2626 carminis.
516 2560 670 2645 Scriptum
697 2560 730 2624 id
752 2561 877 2627 ridetur
898 2562 1046 2627 continuo
1071 2572 1139 2647 post
1164 2562 1330 2628 victoriam.

365 2800 392 2861 1.
427 2794 563 2860 Exordio
593 2795 683 2874 huic,
716 2797 748 2861 in
781 2796 921 2882 precibus
955 2798 1074 2883 posito,
1098 2820 1161 2863 nou
1185 2798 1332 2863 dissimile

317 2920 364 2978 est
384 2912 437 2980 01.
461 2913 526 2979 XII
548 2923 580 2978 et
602 2912 692 2979 Nem.
718 2913 779 2979 III.

364 3033 392 3095 l.
427 3032 580 3111 Καφισίων
607 3031 728 3097 ὑδάτων.
775 3032 822 3096 De
845 3031 979 3116 Cephiso
1004 3033 1064 3096 vid.
1089 3032 1199 3098 Strabo
1224 3032 1260 3098 L.
1285 3033 1347 3098 IX·

316 3173 348 3236 p.
372 3154 455 3230 424,
480 3149 562 3215 Alm.
589 3152 663 3213 649.
710 3148 826 3214 Iluens
849 3130 903 3235 per
926 3150 1096 3216 Phocidem
1120 3159 1150 3215 et
1174 3150 1330 3217 Boeotiam

317 3279 349 3335 et
370 3270 402 3335 in
425 3270 528 3334 lacum
551 3267 720 3354 Copaidem
743 3266 895 3346 influens,
917 3270 982 3354 jam
1005 3270 1176 3353 antiquitus
1200 3270 1333 3355 apoetis

317 3388 489 3452 celebratos
522 3387 592 3451 fuit.
640 3385 795 3450 Homerus
825 3387 957 3467 Κηφισὸν
988 3387 1043 3452 δῖον
1075 3395 1106 3451 et
1137 3389 1201 3473 ejus
1233 3388 1333 3451 fontes

318 3526 412 3589 prope
442 3502 578 3567 Lilaeam
609 3510 829 3568 commemorat
858 3502 898 3567 Il.
931 3503 966 3567 II
999 3506 1080 3568 522:
1109 3505 1194 3568 etin
1218 3504 1333 3589 hymno

318 3620 483 3685 Homerico
506 3621 537 3684 in
563 3620 741 3705 Apollinem
765 3621 830 3683 240
855 3619 1013 3685 hahentur
1035 3620 1110 3685 haec

628 3738 779 3818 Κηφισσὸν
801 3738 1015 3821 καλλιρέεθρον,

495 3853 564 3921 ἕσσε
586 3856 744 3931 Λιλαίηθεν
767 3857 886 3937 προχέει
909 3856 1074 3937 καλλίρροον
1096 3856 1175 3939 ὕδωρ.

318 3970 359 4034 llt
382 3972 463 4056 apud
484 3970 664 4036 Strabonem
679 3972 749 4036 loco
764 3973 891 4037 laudato
906 3972 1063 4037 Hesiodus
1079 3975 1117 4037 de
1135 3975 1191 4039 hoc
1207 3975 1333 4039 flumine

406 4086 435 4160 ὃς
458 4091 541 4171 παρὰ
563 4090 878 4165 helmeanensis
899 4093 928 4155 τ’
951 4092 1071 4172 ἐρυμνὴν

411 4206 460 4271 καί
484 4206 514 4270 δὲ
536 4206 571 4271 δι’
592 4208 774 4287 Ὀρχομενοῦ
797 4208 963 4286 εἱλιγμένος
987 4204 1042 4273 εἶσι
1066 4208 1174 4289 δροίαων
1196 4208 1242 4282 ὥς.
1273 4302 1277 4311 Ι

367 4325 394 4386 l.
429 4330 583 4403 λαχοῖσαι.
631 4321 844 4409 Hartungius,
877 4334 914 4389 ut
946 4326 977 4390 in
1008 4326 1205 4391 annotatione
1229 4326 1333 4391 critica

318 4441 569 4517 memoravimus,
593 4442 776 4525 scripturam
800 4441 839 4506 de
854 4444 1032 4527 conjectura
1046 4445 1192 4524 mutavit,
1211 4466 1333 4510 causam
