3725 5542
498 914 616 977 'fuisse
648 915 748 998 gentis
772 920 946 991 auctorem,
970 914 1067 979 filium
1092 913 1281 979 Callirrhoae
1303 912 1481 979 Oceauinae
1503 926 1540 978 et

520 1030 670 1116 Neptuni.
716 1030 884 1096 Pausanias
915 1031 952 1095 L.
983 1032 1030 1095 IX
1061 1031 1096 1097 0.
1120 1030 1261 1095 XXXVI
1284 1036 1304 1095 3
1328 1032 1367 1095 ad
1392 1033 1536 1117 llinym

520 1149 646 1231 quidem
667 1149 769 1231 gentis
791 1171 903 1213 nomeu
925 1149 1034 1227 refert,
1059 1150 1112 1213 sed
1128 1149 1216 1214 illum
1233 1172 1294 1215 nou
1312 1150 1408 1215 hlium
1423 1173 1535 1215 rerum

518 1275 662 1349 nepotem
685 1264 827 1350 Neptuni
849 1266 953 1329 fuisse.

564 1381 639 1445 Nou
661 1389 764 1445 autem
787 1382 883 1445 Poeta
905 1383 964 1445 hoc
987 1404 1075 1445 versu
1099 1384 1251 1466 significat
1274 1391 1403 1447 veterem
1424 1406 1533 1448 curam

518 1520 611 1583 quam
622 1498 697 1563 olim
708 1497 884 1582 Minyarum
896 1498 1021 1562 Gratiae
1034 1499 1212 1563 habuerint:
1224 1499 1277 1563 sed
1289 1500 1466 1584 Minyarum
1475 1523 1534 1563 no-

518 1617 600 1679 mine
613 1616 825 1699 significantur
835 1613 1042 1693 Orchomenii,
1057 1617 1111 1699 qui
1123 1638 1206 1681 nunc
1214 1618 1345 1680 maxime
1353 1626 1463 1693 essent,
1470 1642 1534 1681 τι·

516 1734 647 1808 tatone
663 1731 738 1795 dicti
754 1740 880 1816 propter
895 1740 1077 1795 vetustatem
1094 1733 1236 1816 originis:
1249 1744 1342 1817 atque
1358 1734 1414 1798 hos
1428 1736 1532 1797 curari

517 1847 595 1911 dicit
614 1870 633 1911 a
650 1848 777 1912 Gratiis.
811 1847 879 1912 Nec
897 1856 978 1912 reete
998 1850 1089 1912 vertit
1109 1848 1300 1933 Hartungius
1317 1850 1406 1935 lange
1420 1872 1535 1935 geres-

520 1986 575 2027 ner
593 1964 732 2047 Minyer:
749 1965 859 2028 melius
873 1964 1070 2029 Thierschius
1087 1966 1141 2029 der
1157 1966 1278 2050 Minyer
1293 1966 1385 2031 altem
1402 1966 1533 2031 Stamrn.

564 2083 594 2146 7.
628 2081 681 2144 che
703 2083 763 2161 γὰρ
787 2083 864 2156 ὑμῖν.
900 2081 1030 2145 Prorsus
1053 2082 1165 2146 similia
1187 2094 1261 2147 sunt
1283 2082 1334 2147 Ol.
1359 2084 1407 2147 IX
1422 2088 1472 2147 sto

827 2207 920 2263 κεῖναι
944 2200 1090 2285 (Χάριτες)
1112 2202 1172 2281 γὰρ
1194 2203 1317 2267 ὤπασαν

742 2316 784 2377 τὰ
805 2318 923 2394 τέρπν’·
946 2316 1051 2393 ἀγαθοὶ
1075 2317 1104 2379 δὲ

741 2430 791 2493 καὶ
813 2432 897 2511 σοφοὶ
920 2434 1002 2495 κατὰ
1020 2433 1132 2509 δαίμον’
1153 2432 1251 2511 ἄνδρες

738 2547 878 2619 ἐγένοντο.

517 2658 559 2723 CI
578 2659 630 2723 Ol.
653 2659 689 2723 Π
712 2663 772 2736 90,
797 2660 888 2725 Nem.
912 2662 960 2725 IX
987 2666 1058 2726 129.

568 2780 618 2840 11.
652 2782 774 2854 σεμνᾶν.
810 2778 851 2841 Gi
871 2778 977 2863 Eurip.
1001 2779 1074 2843 Hel.
1101 2784 1184 2845 1341
1207 2783 1314 2859 σεμναὶ
1337 2784 1470 2863 Χάριτες.

565 2895 616 2957 lt.
652 2894 818 2973 mirarem
840 2899 944 2975 χοροὺς
966 2898 1015 2959 καὶ
1040 2898 1155 2969 δαῖτας.
1190 2897 1362 2963 Scholiasta
1381 2910 1469 2963 vetus
1484 2924 1539 2964 ac·

523 3010 693 3074 cusativum
716 3010 793 3073 dicit
814 3013 890 3096 poni
911 3034 967 3095 pro
991 3014 1142 3097 genitivo:
1166 3037 1223 3079 nec
1246 3014 1339 3080 ulium
1363 3016 1466 3081 locum
1481 3018 1539 3081 ul·

521 3125 583 3189 huc
613 3127 701 3203 novi,
733 3148 796 3210 quo
823 3127 882 3191 hoo
905 3129 1032 3193 verbnm
1054 3132 1260 3197 accusativum
1284 3132 1405 3199 habeat.
1452 3133 1537 3198 Cum

521 3242 657 3324 genitivo
687 3243 815 3325 ponitur
837 3244 948 3308 Aesch.
971 3245 1055 3311 Pers.
1081 3250 1145 3311 214
1168 3250 1256 3323 τῆσδε
1277 3258 1402 3329 κοιρανεῖ
1420 3252 1536 3329 χθονός.

521 3356 604 3420 llale
635 3380 706 3421 vero
736 3361 769 3422 iu
792 3360 888 3424 altero
912 3370 1012 3426 vetere
1035 3363 1152 3427 scholio
1174 3365 1272 3436 δαῖτες
1296 3365 1444 3431 (licuntur
1466 3390 1537 3431 esse

521 3474 646 3552 εὐωχία
675 3475 843 3560 xsijlorr'oer
865 3487 897 3541 et
919 3479 1060 3543 similiter
1081 3480 1114 3543 in
1138 3482 1314 3547 recentiore.
1345 3483 1441 3569 Saepe
1466 3486 1539 3568 qui-

518 3613 590 3656 nem
613 3593 710 3664 δαιτὸς
734 3597 857 3659 nomine
880 3597 1092 3681 significentur
1109 3622 1212 3677 sacra,
1229 3600 1296 3665 Diis
1319 3602 1537 3667 amortahhus

520 3709 674 3793 praebita,
707 3711 792 3776 velut
818 3712 911 3778 Hom.
936 3714 1257 3794 fl.1424,xx1v
1281 3718 1535 3797 69,Pinct01.

518 3822 600 3887 VIII
625 3829 678 3889 69.
702 3827 925 3894 Verumtamen
942 3834 1079 3917 ipsorum
1095 3836 1186 3899 etiam
1202 3835 1338 3901 Deorum
1351 3838 1385 3901 in
1400 3836 1537 3921 Olympo

518 3939 626 4004 hahita
656 3946 794 4009 convivia
825 3969 862 4011 eo
892 3950 1016 4013 nomine
1047 3950 1211 4015 dicuutur:
1243 3953 1328 4017 velut
1348 3954 1431 4018 Hom
1452 3954 1539 4019 III

523 4059 606 4122 575:
629 4068 723 4143 atque
746 4062 821 4127 haec
844 4086 926 4129 nuuc
950 4068 1170 4151 significantur.
1207 4069 1353 4135 Similiter
1374 4072 1451 4151 χοροὶ
1470 4092 1539 4135 non

518 4181 611 4252 sunt,
644 4197 721 4260 quos
749 4178 888 4246 homines
915 4182 983 4247 Diis
1008 4185 1142 4263 iaciunt,
1167 4196 1203 4250 ut
1225 4194 1273 4251 est
1295 4187 1327 4250 in
1351 4187 1467 4251 scholio
1489 4209 1543 4251 re.

517 4293 666 4371 eentiori,
697 4296 750 4360 sed
781 4319 861 4381 quos
890 4300 951 4384 ipsi
983 4302 1035 4367 Dii
1066 4312 1180 4387 agunt:
1213 4304 1297 4368 velut
1320 4304 1402 4388 apud
1426 4304 1541 4389 Eurip.

518 4408 590 4474 Hel.
617 4413 702 4476 1345
726 4414 851 4498 placant
872 4416 1014 4482 Cererem
1038 4420 1162 4485 Gratiae
