3725 5542
956 707 1021 768 258

479 906 634 971 sententia
657 904 742 991 parvi
765 906 956 971 aestimanda
978 916 1034 973 est.
1080 907 1202 988 Quodsi
1225 917 1327 975 antem
1347 908 1387 973 ad
1402 908 1497 975 victo·

477 1025 551 1089 riam
582 1024 749 1090 secundam
778 1026 836 1090 boc
868 1048 990 1090 carmen
1012 1027 1204 1093 referendum
1228 1037 1310 1105 erat,
1334 1050 1413 1112 quae
1436 1029 1497 1093 luit

477 1141 527 1207 Ol.
560 1142 731 1222 LXXVII,
765 1142 846 1207 baud
878 1166 950 1207 sane
981 1154 1049 1207 tum
1083 1144 1177 1209 Hiero
1204 1145 1265 1210 dici
1289 1153 1411 1230 poterat
1432 1168 1495 1209 non

477 1284 542 1323 esse
571 1264 744 1325 Aetnaeus:
776 1270 805 1323 et
828 1260 942 1345 Pythia
964 1261 1100 1327 carmina
1122 1262 1182 1326 tria
1204 1262 1335 1327 Hieroni
1358 1266 1495 1328 Aetnaeo

477 1378 624 1462 inscripta
646 1386 736 1441 sunt:
761 1377 854 1464 hujus
878 1400 950 1443 vero
972 1379 1116 1443 carminis
1139 1379 1300 1463 inscriptio
1323 1379 1391 1464 ipsa
1412 1388 1495 1445 certe

476 1505 522 1559 est
552 1495 725 1581 Syracusio.
773 1495 874 1581 Igitur
905 1506 937 1560 et
969 1497 1098 1581 primam
1129 1497 1286 1563 victoriam
1315 1498 1411 1563 luisse
1441 1498 1493 1562 Ol.

475 1612 631 1691 LXXVI,
662 1624 693 1677 et
716 1612 754 1678 sd
778 1636 845 1677 eam
868 1614 927 1678 hoc
950 1636 1072 1679 carmen
1095 1614 1289 1681 referendum
1311 1638 1395 1695 esse,
1419 1618 1495 1681 satis

476 1732 675 1816 probabiliter
692 1732 768 1797 mibi
783 1740 919 1797 statuere
931 1732 1045 1797 videor.
1070 1730 1181 1817 Neque
1192 1733 1290 1811 enim,
1303 1734 1331 1799 si
1341 1733 1491 1820 scriptum

476 1860 522 1913 est
540 1859 701 1935 postquam
721 1850 817 1915 Hiero
831 1850 1053 1936 Syracusarum
1064 1852 1228 1936 imperium
1240 1850 1371 1937 adeptus
1383 1861 1445 1931 est,
1458 1853 1492 1917 id

475 1968 558 2051 qnod
577 1976 694 2031 certum
713 1976 777 2044 est,
797 1976 829 2032 et
847 1978 918 2033 unte
937 1970 1069 2034 Aetnam
1086 1968 1261 2048 conditam,
1277 1969 1310 2033 id
1326 1969 1412 2053 quod
1427 1992 1493 2055 per·

475 2108 567 2169 quum
585 2085 748 2151 verisimile
769 2094 832 2163 est,
849 2085 888 2150 ad
908 2086 1000 2151 aliam
1019 2086 1236 2172 Olympiadem
1254 2087 1359 2153 referri
1379 2096 1490 2173 potest.

520 2203 609 2289 Ipsae
631 2204 724 2267 etiam
747 2203 873 2281 laudes,
897 2226 978 2288 quae
1001 2204 1060 2269 hoc
1082 2206 1217 2269 carmine
1241 2204 1373 2270 Hieroni
1395 2206 1492 2271 tribu-

473 2330 585 2399 untur,
606 2322 768 2386 convenire
786 2321 917 2387 m'srime
934 2322 1079 2387 videntur
1093 2324 1225 2389 recentis
1241 2323 1344 2388 decori
1356 2324 1489 2408 imperii.

517 2558 592 2623 Pars
616 2559 714 2645 prima
736 2558 879 2623 carminis
899 2561 1000 2645 posita
1019 2560 1119 2625 estin
1139 2558 1295 2625 laudanda
1312 2561 1490 2627 certaminis

473 2675 612 2763 Olympii
634 2677 732 2762 gloria
755 2684 786 2741 et
808 2678 841 2741 in
865 2677 980 2742 victore
998 2677 1172 2755 laudando,
1196 2680 1314 2745 1-37.
1345 2678 1425 2745 'l'um
1444 2680 1490 2743 in-

468 2797 539 2881 jicit
565 2796 660 2862 Poeta
682 2804 834 2861 vetustam
858 2795 981 2881 Pelopis
1004 2818 1076 2861 cum
1100 2794 1244 2881 Olympia
1266 2798 1397 2863 maxime
1420 2819 1490 2861 con-

468 2918 608 3000 junctam
644 2915 838 2981 memoriam:
882 2938 953 2981 eum
985 2938 1003 2980 a
1037 2914 1187 3001 Neptuno
1222 2922 1357 2979 amatum
1394 2916 1489 2979 luisse

472 3042 636 3100 memorat:
661 3034 772 3099 eremit
795 3056 865 3098 vero
885 3055 903 3097 a
922 3033 991 3098 Diis
1010 3035 1211 3119 ignominiam
1231 3034 1344 3099 comesi
1363 3033 1488 3120 Pelopia

471 3153 608 3231 humeri,
640 3160 672 3219 et
703 3174 804 3217 veram
835 3174 977 3230 oausam,
1001 3175 1057 3219 cur
1078 3152 1228 3219 Tantalus
1251 3174 1382 3237 poenam
1405 3152 1488 3215 inre·
1530 3176 1533 3181 ·

470 3271 566 3347 uerit,
596 3269 746 3355 explicat,
778 3270 810 3333 iu
841 3270 907 3355 ejus
938 3270 1083 3354 superbia
1111 3270 1253 3355 positam.
1298 3268 1375 3333 Ideo
1397 3269 1487 3333 etium

470 3388 632 3473 Pelopem,
670 3387 827 3473 quondam
861 3410 879 3452 a
910 3386 1060 3472 Neptuno
1091 3388 1278 3467 abductum,
1309 3390 1343 3453 iu
1374 3399 1486 3455 terram

470 3508 628 3571 remissum
658 3529 734 3571 esse.
781 3505 874 3571 Hunc
903 3505 1047 3571 adultum
1069 3506 1172 3571 curuli
1195 3507 1361 3571 certamine
1380 3507 1487 3571 vicisse

470 3624 662 3690 Oenomaum
694 3633 851 3690 vetustum
873 3624 962 3689 Pisae
984 3646 1105 3709 regem,
1129 3623 1296 3710 adjuvante
1318 3624 1486 3711 Neptuno,

468 3744 597 3829 ejusque
627 3742 721 3807 filiam
752 3743 811 3807 sibi
842 3766 964 3829 parasse
993 3765 1138 3822 uxorem,
1162 3754 1194 3808 et
1216 3744 1405 3808 conditorem
1429 3744 1489 3809 cla·

467 3864 605 3929 rissimae
624 3865 725 3949 gentis
742 3864 905 3929 exstitisse.
943 3861 1056 3927 Adhuc
1074 3863 1140 3947 ejus
1159 3861 1306 3925 honorem
1326 3862 1487 3948 splendere

467 3981 646 4068 Olympiae,
671 3980 776 4067 ibique
800 4002 892 4067 prope
915 3978 1073 4045 tumulum
1097 3980 1164 4065 ejus
1183 3988 1214 4043 et
1234 3980 1418 4045 celebratam
1434 3978 1488 4044 Jo-

467 4104 513 4167 vis
547 4124 630 4167 aram
665 4101 833 4167 clarissima
866 4101 932 4167 fieri
966 4101 1152 4166 certamina:
1184 4123 1202 4164 e
1232 4100 1347 4185 quibus
1378 4101 1488 4165 victori

467 4228 616 4306 perpetua
639 4234 785 4305 parentur
808 4218 939 4305 gaudia:
966 4221 1134 4284 :ss-loa
1180 4216 1259 4283 Inde
1286 4217 1383 4283 Poeta
1403 4217 1486 4282 redit

468 4340 507 4405 ad
531 4348 705 4426 praesentes
728 4338 873 4403 Hieronis
896 4337 1025 4417 laudes,
1049 4339 1139 4423 eique
1158 4336 1249 4401 ctiam
1271 4337 1400 4422 majores
1420 4336 1485 4401 sore

466 4464 571 4543 optat,
596 4466 626 4520 et
650 4479 737 4521 suam
761 4479 883 4522 manere
908 4456 1008 4542 poesis
1032 4455 1173 4539 gloriam.
