<?xml version="1.0" encoding="UTF-8"?>
<!DOCTYPE html PUBLIC "-//W3C//DTD XHTML 1.0 Transitional//EN"
    "http://www.w3.org/TR/xhtml1/DTD/xhtml1-transitional.dtd">
<html xmlns="http://www.w3.org/1999/xhtml" xml:lang="en" lang="en">
 <head>
  <title>
</title>
<meta http-equiv="Content-Type" content="text/html;charset=utf-8" />
  <meta name='ocr-system' content='tesseract 3.04.00' />
  <meta name='ocr-capabilities' content='ocr_page ocr_carea ocr_par ocr_line ocrx_word'/>
</head>
<body>
  <div class='ocr_page' id='page_1' title='image "./pindaricarminao01pindgoog_0431.png"; bbox 0 0 3725 5542; ppageno 0'>
   <div class='ocr_carea' id='block_1_1' title="bbox 804 700 868 764">
    <p class='ocr_par' dir='ltr' id='par_1_1' title="bbox 804 700 868 764">
     <span class='ocr_line' id='line_1_1' title="bbox 804 700 868 764; baseline 0 0"><span class='ocrx_word' id='word_1_1' title='bbox 804 700 868 764; x_wconf 74' lang='lat'><strong>417</strong></span> 
     </span>
    </p>
   </div>
   <div class='ocr_carea' id='block_1_2' title="bbox 330 897 1350 1220">
    <p class='ocr_par' dir='ltr' id='par_1_2' title="bbox 330 897 1350 1220">
     <span class='ocr_line' id='line_1_2' title="bbox 330 897 1348 982; baseline 0.002 -22"><span class='ocrx_word' id='word_1_2' title='bbox 330 905 432 962; x_wconf 88' lang='lat' dir='ltr'><strong>narret</strong></span> <span class='ocrx_word' id='word_1_3' title='bbox 454 897 599 964; x_wconf 83' lang='lat' dir='ltr'><strong>Rhodum</strong></span> <span class='ocrx_word' id='word_1_4' title='bbox 623 899 758 977; x_wconf 88' lang='lat' dir='ltr'><strong>venisse,</strong></span> <span class='ocrx_word' id='word_1_5' title='bbox 783 920 880 982; x_wconf 90' lang='lat' dir='ltr'><strong>quum</strong></span> <span class='ocrx_word' id='word_1_6' title='bbox 901 899 964 982; x_wconf 87' lang='lat' dir='ltr'><strong>jam</strong></span> <span class='ocrx_word' id='word_1_7' title='bbox 986 897 1031 962; x_wconf 91' lang='lat' dir='ltr'><strong>ibi</strong></span> <span class='ocrx_word' id='word_1_8' title='bbox 1046 898 1189 962; x_wconf 85' lang='lat' dir='ltr'><strong>conditae</strong></span> <span class='ocrx_word' id='word_1_9' title='bbox 1205 899 1348 964; x_wconf 85' lang='lat' dir='ltr'><strong>florerent</strong></span> 
     </span>
     <span class='ocr_line' id='line_1_3' title="bbox 330 1014 1350 1092; baseline 0.002 -14"><span class='ocrx_word' id='word_1_10' title='bbox 330 1014 437 1092; x_wconf 90' lang='lat' dir='ltr'><strong>urbes,</strong></span> <span class='ocrx_word' id='word_1_11' title='bbox 474 1015 566 1081; x_wconf 86' lang='lat' dir='ltr'><strong>illum</strong></span> <span class='ocrx_word' id='word_1_12' title='bbox 594 1039 651 1082; x_wconf 89' lang='lat' dir='ltr'><strong>sua</strong></span> <span class='ocrx_word' id='word_1_13' title='bbox 673 1017 795 1081; x_wconf 86' lang='lat' dir='ltr'><strong>colonia</strong></span> <span class='ocrx_word' id='word_1_14' title='bbox 818 1017 939 1080; x_wconf 75' lang='lat' dir='ltr'>auxisse</span> <span class='ocrx_word' id='word_1_15' title='bbox 963 1024 993 1080; x_wconf 93' lang='lat' dir='ltr'><strong>et</strong></span> <span class='ocrx_word' id='word_1_16' title='bbox 1017 1038 1139 1080; x_wconf 89' lang='lat' dir='ltr'><strong>ornasse</strong></span> <span class='ocrx_word' id='word_1_17' title='bbox 1162 1017 1294 1081; x_wconf 90' lang='lat' dir='ltr'><strong>insulam</strong></span> <span class='ocrx_word' id='word_1_18' title='bbox 1319 1025 1350 1080; x_wconf 90' lang='lat' dir='ltr'><strong>et</strong></span> 
     </span>
     <span class='ocr_line' id='line_1_4' title="bbox 332 1132 1349 1220; baseline 0 -24"><span class='ocrx_word' id='word_1_19' title='bbox 332 1155 368 1196; x_wconf 86' lang='lat' dir='ltr'><strong>ex</strong></span> <span class='ocrx_word' id='word_1_20' title='bbox 399 1132 461 1197; x_wconf 88' lang='lat' dir='ltr'><strong>illis</strong></span> <span class='ocrx_word' id='word_1_21' title='bbox 489 1133 607 1198; x_wconf 90' lang='lat' dir='ltr'><strong>celenis</strong></span> <span class='ocrx_word' id='word_1_22' title='bbox 630 1134 783 1220; x_wconf 75' lang='lat' dir='ltr'><strong>Diagorae</strong></span> <span class='ocrx_word' id='word_1_23' title='bbox 806 1141 928 1218; x_wconf 89' lang='lat' dir='ltr'><strong>gentem</strong></span> <span class='ocrx_word' id='word_1_24' title='bbox 952 1133 1115 1198; x_wconf 89' lang='lat' dir='ltr'><strong>oriundam</strong></span> <span class='ocrx_word' id='word_1_25' title='bbox 1138 1134 1234 1198; x_wconf 84' lang='lat' dir='ltr'><strong>luisse</strong></span> <span class='ocrx_word' id='word_1_26' title='bbox 1256 1133 1349 1218; x_wconf 86' lang='lat' dir='ltr'><strong>signi·</strong></span> 
     </span>
    </p>
   </div>
   <div class='ocr_carea' id='block_1_3' title="bbox 332 1249 1442 1807">
    <p class='ocr_par' dir='ltr' id='par_1_3' title="bbox 332 1249 1442 1807">
     <span class='ocr_line' id='line_1_5' title="bbox 332 1249 1347 1336; baseline 0.001 -24"><span class='ocrx_word' id='word_1_27' title='bbox 332 1251 421 1314; x_wconf 85' lang='lat' dir='ltr'><strong>licat:</strong></span> <span class='ocrx_word' id='word_1_28' title='bbox 454 1252 589 1335; x_wconf 90' lang='lat' dir='ltr'><strong>primum</strong></span> <span class='ocrx_word' id='word_1_29' title='bbox 612 1273 685 1336; x_wconf 90' lang='lat' dir='ltr'><strong>ergo</strong></span> <span class='ocrx_word' id='word_1_30' title='bbox 709 1251 803 1336; x_wconf 83' lang='lat' dir='ltr'><strong>hujus</strong></span> <span class='ocrx_word' id='word_1_31' title='bbox 826 1251 926 1336; x_wconf 89' lang='lat' dir='ltr'><strong>gentis</strong></span> <span class='ocrx_word' id='word_1_32' title='bbox 950 1257 981 1314; x_wconf 85' lang='lat' dir='ltr'><strong>et</strong></span> <span class='ocrx_word' id='word_1_33' title='bbox 1003 1249 1141 1314; x_wconf 87' lang='lat' dir='ltr'><strong>coloniae</strong></span> <span class='ocrx_word' id='word_1_34' title='bbox 1164 1250 1347 1336; x_wconf 88' lang='lat' dir='ltr'><strong>primordia,</strong></span> 
     </span>
     <span class='ocr_line' id='line_1_6' title="bbox 334 1366 1348 1454; baseline 0.003 -25"><span class='ocrx_word' id='word_1_35' title='bbox 334 1366 479 1452; x_wconf 74' lang='lat' dir='ltr'>deinceps</span> <span class='ocrx_word' id='word_1_36' title='bbox 501 1368 640 1445; x_wconf 88' lang='lat' dir='ltr'><strong>insulae,</strong></span> <span class='ocrx_word' id='word_1_37' title='bbox 663 1369 697 1434; x_wconf 93' lang='lat' dir='ltr'><strong>iu</strong></span> <span class='ocrx_word' id='word_1_38' title='bbox 721 1390 813 1454; x_wconf 90' lang='lat' dir='ltr'><strong>quam</strong></span> <span class='ocrx_word' id='word_1_39' title='bbox 836 1369 1063 1453; x_wconf 83' lang='lat' dir='ltr'><strong>pervenissent,</strong></span> <span class='ocrx_word' id='word_1_40' title='bbox 1086 1378 1223 1434; x_wconf 88' lang='lat' dir='ltr'><strong>vetustas</strong></span> <span class='ocrx_word' id='word_1_41' title='bbox 1242 1368 1348 1433; x_wconf 87' lang='lat' dir='ltr'><strong>laudes</strong></span> 
     </span>
     <span class='ocr_line' id='line_1_7' title="bbox 333 1486 1348 1571; baseline 0.001 -22"><span class='ocrx_word' id='word_1_42' title='bbox 333 1487 536 1570; x_wconf 80' lang='lat' dir='ltr'><strong>persequitur.</strong></span> <span class='ocrx_word' id='word_1_43' title='bbox 572 1487 715 1552; x_wconf 81' lang='lat' dir='ltr'><strong>Absolvit</strong></span> <span class='ocrx_word' id='word_1_44' title='bbox 738 1494 844 1551; x_wconf 88' lang='lat' dir='ltr'><strong>autem</strong></span> <span class='ocrx_word' id='word_1_45' title='bbox 867 1486 929 1552; x_wconf 85' lang='lat' dir='ltr'><strong>fere</strong></span> <span class='ocrx_word' id='word_1_46' title='bbox 952 1487 1155 1552; x_wconf 81' lang='lat' dir='ltr'><strong>narrationem</strong></span> <span class='ocrx_word' id='word_1_47' title='bbox 1180 1486 1218 1552; x_wconf 91' lang='lat' dir='ltr'><strong>de</strong></span> <span class='ocrx_word' id='word_1_48' title='bbox 1240 1486 1348 1571; x_wconf 90' lang='lat' dir='ltr'><strong>Tlepo-</strong></span> 
     </span>
     <span class='ocr_line' id='line_1_8' title="bbox 334 1602 1442 1690; baseline 0.002 -24"><span class='ocrx_word' id='word_1_49' title='bbox 334 1602 414 1667; x_wconf 92' lang='lat' dir='ltr'><strong>lemo</strong></span> <span class='ocrx_word' id='word_1_50' title='bbox 444 1611 475 1668; x_wconf 89' lang='lat' dir='ltr'><strong>et</strong></span> <span class='ocrx_word' id='word_1_51' title='bbox 497 1604 610 1668; x_wconf 81' lang='lat' dir='ltr'><strong>transit</strong></span> <span class='ocrx_word' id='word_1_52' title='bbox 632 1604 670 1668; x_wconf 86' lang='lat' dir='ltr'><strong>ad</strong></span> <span class='ocrx_word' id='word_1_53' title='bbox 695 1605 871 1690; x_wconf 79' lang='lat' dir='ltr'><strong>antiquiora</strong></span> <span class='ocrx_word' id='word_1_54' title='bbox 894 1626 928 1667; x_wconf 88' lang='lat' dir='ltr'><strong>va</strong></span> <span class='ocrx_word' id='word_1_55' title='bbox 952 1607 1011 1683; x_wconf 80' lang='lat'><strong>62,</strong></span> <span class='ocrx_word' id='word_1_56' title='bbox 1037 1604 1090 1668; x_wconf 87' lang='lat' dir='ltr'><strong>sed</strong></span> <span class='ocrx_word' id='word_1_57' title='bbox 1114 1613 1185 1689; x_wconf 87' lang='lat' dir='ltr'><strong>apte</strong></span> <span class='ocrx_word' id='word_1_58' title='bbox 1206 1603 1286 1668; x_wconf 89' lang='lat' dir='ltr'><strong>redit</strong></span> <span class='ocrx_word' id='word_1_59' title='bbox 1309 1603 1348 1668; x_wconf 85' lang='lat' dir='ltr'><strong>ad</strong></span> <span class='ocrx_word' id='word_1_60' title='bbox 1440 1641 1442 1648; x_wconf 57' lang='lat'>&gt;</span> 
     </span>
     <span class='ocr_line' id='line_1_9' title="bbox 334 1713 1351 1807; baseline 0.002 -25"><span class='ocrx_word' id='word_1_61' title='bbox 334 1718 548 1805; x_wconf 80' lang='lat' dir='ltr'><strong>Tlepolemum</strong></span> <span class='ocrx_word' id='word_1_62' title='bbox 579 1730 611 1786; x_wconf 88' lang='lat' dir='ltr'><strong>et</strong></span> <span class='ocrx_word' id='word_1_63' title='bbox 641 1723 706 1807; x_wconf 90' lang='lat' dir='ltr'><strong>ejus</strong></span> <span class='ocrx_word' id='word_1_64' title='bbox 733 1722 819 1787; x_wconf 91' lang='lat' dir='ltr'><strong>laudi</strong></span> <span class='ocrx_word' id='word_1_65' title='bbox 842 1721 1000 1787; x_wconf 91' lang='lat' dir='ltr'><strong>cumulum</strong></span> <span class='ocrx_word' id='word_1_66' title='bbox 1025 1713 1131 1807; x_wconf 82' lang='lat' dir='ltr'><strong>adjicit</strong></span> <span class='ocrx_word' id='word_1_67' title='bbox 1154 1744 1187 1785; x_wconf 87' lang='lat' dir='ltr'><strong>vs</strong></span> <span class='ocrx_word' id='word_1_68' title='bbox 1212 1723 1293 1784; x_wconf 78' lang='lat'>141:</span> <span class='ocrx_word' id='word_1_69' title='bbox 1318 1728 1351 1786; x_wconf 83' lang='lat' dir='ltr'><strong>et</strong></span> 
     </span>
    </p>
   </div>
   <div class='ocr_carea' id='block_1_4' title="bbox 331 1837 1355 4590">
    <p class='ocr_par' dir='ltr' id='par_1_4' title="bbox 335 1837 1352 2722">
     <span class='ocr_line' id='line_1_10' title="bbox 335 1837 1351 1925; baseline 0.002 -24"><span class='ocrx_word' id='word_1_70' title='bbox 335 1859 369 1901; x_wconf 85' lang='lat' dir='ltr'><strong>vs</strong></span> <span class='ocrx_word' id='word_1_71' title='bbox 394 1840 456 1903; x_wconf 76' lang='lat'><strong>14⁷</strong></span> <span class='ocrx_word' id='word_1_72' title='bbox 481 1839 591 1903; x_wconf 78' lang='lat' dir='ltr'><strong>eximia</strong></span> <span class='ocrx_word' id='word_1_73' title='bbox 615 1840 813 1925; x_wconf 80' lang='lat' dir='ltr'><strong>copulatione</strong></span> <span class='ocrx_word' id='word_1_74' title='bbox 835 1861 906 1904; x_wconf 90' lang='lat' dir='ltr'><strong>oum</strong></span> <span class='ocrx_word' id='word_1_75' title='bbox 930 1840 1075 1924; x_wconf 84' lang='lat' dir='ltr'><strong>autiquae</strong></span> <span class='ocrx_word' id='word_1_76' title='bbox 1098 1837 1267 1923; x_wconf 85' lang='lat' dir='ltr'><strong>Tlepolemi</strong></span> <span class='ocrx_word' id='word_1_77' title='bbox 1286 1838 1351 1923; x_wconf 88' lang='lat' dir='ltr'><strong>glo·</strong></span> 
     </span>
     <span class='ocr_line' id='line_1_11' title="bbox 336 1955 1350 2042; baseline 0.003 -23"><span class='ocrx_word' id='word_1_78' title='bbox 336 1956 399 2020; x_wconf 88' lang='lat' dir='ltr'><strong>riae</strong></span> <span class='ocrx_word' id='word_1_79' title='bbox 429 1957 633 2040; x_wconf 87' lang='lat' dir='ltr'><strong>perpetuitate</strong></span> <span class='ocrx_word' id='word_1_80' title='bbox 665 1965 817 2022; x_wconf 83' lang='lat' dir='ltr'><strong>recentem</strong></span> <span class='ocrx_word' id='word_1_81' title='bbox 849 1957 1011 2042; x_wconf 88' lang='lat' dir='ltr'><strong>conjungit</strong></span> <span class='ocrx_word' id='word_1_82' title='bbox 1042 1956 1163 2021; x_wconf 87' lang='lat' dir='ltr'><strong>laudem</strong></span> <span class='ocrx_word' id='word_1_83' title='bbox 1188 1955 1350 2041; x_wconf 84' lang='lat' dir='ltr'><strong>Diagorae.</strong></span> 
     </span>
     <span class='ocr_line' id='line_1_12' title="bbox 336 2070 1349 2159; baseline 0.004 -25"><span class='ocrx_word' id='word_1_84' title='bbox 336 2071 387 2135; x_wconf 87' lang='lat' dir='ltr'><strong>Sic</strong></span> <span class='ocrx_word' id='word_1_85' title='bbox 410 2070 506 2135; x_wconf 88' lang='lat' dir='ltr'><strong>Poeta</strong></span> <span class='ocrx_word' id='word_1_86' title='bbox 528 2095 584 2137; x_wconf 89' lang='lat' dir='ltr'><strong>nos</strong></span> <span class='ocrx_word' id='word_1_87' title='bbox 608 2075 756 2139; x_wconf 89' lang='lat' dir='ltr'><strong>continuo</strong></span> <span class='ocrx_word' id='word_1_88' title='bbox 784 2082 889 2159; x_wconf 89' lang='lat' dir='ltr'><strong>raptos</strong></span> <span class='ocrx_word' id='word_1_89' title='bbox 912 2076 944 2138; x_wconf 89' lang='lat' dir='ltr'><strong>in</strong></span> <span class='ocrx_word' id='word_1_90' title='bbox 968 2073 1083 2138; x_wconf 87' lang='lat' dir='ltr'><strong>medias</strong></span> <span class='ocrx_word' id='word_1_91' title='bbox 1107 2095 1154 2137; x_wconf 89' lang='lat' dir='ltr'><strong>res</strong></span> <span class='ocrx_word' id='word_1_92' title='bbox 1177 2081 1349 2157; x_wconf 88' lang='lat' dir='ltr'><strong>permovet,</strong></span> 
     </span>
     <span class='ocr_line' id='line_1_13' title="bbox 336 2189 1352 2277; baseline 0.005 -25"><span class='ocrx_word' id='word_1_93' title='bbox 336 2189 505 2253; x_wconf 88' lang='lat' dir='ltr'><strong>identidem</strong></span> <span class='ocrx_word' id='word_1_94' title='bbox 536 2189 625 2275; x_wconf 90' lang='lat' dir='ltr'><strong>plura</strong></span> <span class='ocrx_word' id='word_1_95' title='bbox 656 2192 820 2257; x_wconf 88' lang='lat' dir='ltr'><strong>osteudens</strong></span> <span class='ocrx_word' id='word_1_96' title='bbox 843 2200 874 2257; x_wconf 90' lang='lat' dir='ltr'><strong>et</strong></span> <span class='ocrx_word' id='word_1_97' title='bbox 897 2191 936 2256; x_wconf 89' lang='lat' dir='ltr'><strong>ad</strong></span> <span class='ocrx_word' id='word_1_98' title='bbox 959 2199 1093 2255; x_wconf 87' lang='lat' dir='ltr'><strong>totarum</strong></span> <span class='ocrx_word' id='word_1_99' title='bbox 1115 2211 1217 2254; x_wconf 88' lang='lat' dir='ltr'><strong>rerum</strong></span> <span class='ocrx_word' id='word_1_100' title='bbox 1242 2191 1352 2277; x_wconf 88' lang='lat' dir='ltr'><strong>perdu-</strong></span> 
     </span>
     <span class='ocr_line' id='line_1_14' title="bbox 338 2305 1350 2393; baseline 0.002 -21"><span class='ocrx_word' id='word_1_101' title='bbox 338 2329 409 2372; x_wconf 91' lang='lat' dir='ltr'><strong>cens</strong></span> <span class='ocrx_word' id='word_1_102' title='bbox 432 2305 684 2392; x_wconf 79' lang='lat' dir='ltr'><strong>intelligentiam:</strong></span> <span class='ocrx_word' id='word_1_103' title='bbox 709 2318 755 2374; x_wconf 88' lang='lat' dir='ltr'><strong>est</strong></span> <span class='ocrx_word' id='word_1_104' title='bbox 778 2332 850 2374; x_wconf 88' lang='lat' dir='ltr'><strong>sane</strong></span> <span class='ocrx_word' id='word_1_105' title='bbox 874 2311 932 2374; x_wconf 92' lang='lat' dir='ltr'><strong>hoc</strong></span> <span class='ocrx_word' id='word_1_106' title='bbox 948 2331 1069 2374; x_wconf 86' lang='lat' dir='ltr'><strong>carmen</strong></span> <span class='ocrx_word' id='word_1_107' title='bbox 1086 2308 1239 2393; x_wconf 86' lang='lat' dir='ltr'><strong>exemplar</strong></span> <span class='ocrx_word' id='word_1_108' title='bbox 1254 2309 1350 2393; x_wconf 90' lang='lat' dir='ltr'><strong>quod·</strong></span> 
     </span>
     <span class='ocr_line' id='line_1_15' title="bbox 336 2408 1348 2511; baseline 0.004 -24"><span class='ocrx_word' id='word_1_109' title='bbox 336 2423 407 2488; x_wconf 89' lang='lat' dir='ltr'><strong>dam</strong></span> <span class='ocrx_word' id='word_1_110' title='bbox 437 2408 523 2488; x_wconf 78' lang='lat' dir='ltr'><strong>illius</strong></span> <span class='ocrx_word' id='word_1_111' title='bbox 553 2427 725 2511; x_wconf 86' lang='lat' dir='ltr'><strong>praecepti,</strong></span> <span class='ocrx_word' id='word_1_112' title='bbox 757 2425 838 2510; x_wconf 91' lang='lat' dir='ltr'><strong>quod</strong></span> <span class='ocrx_word' id='word_1_113' title='bbox 872 2435 978 2511; x_wconf 90' lang='lat' dir='ltr'><strong>postea</strong></span> <span class='ocrx_word' id='word_1_114' title='bbox 1011 2426 1158 2510; x_wconf 84' lang='lat' dir='ltr'><strong>expressit</strong></span> <span class='ocrx_word' id='word_1_115' title='bbox 1180 2424 1348 2504; x_wconf 88' lang='lat' dir='ltr'><strong>Horatius,</strong></span> 
     </span>
     <span class='ocr_line' id='line_1_16' title="bbox 338 2539 1348 2629; baseline 0.004 -25"><span class='ocrx_word' id='word_1_116' title='bbox 338 2562 401 2605; x_wconf 89' lang='lat' dir='ltr'><strong>uon</strong></span> <span class='ocrx_word' id='word_1_117' title='bbox 431 2539 552 2605; x_wconf 80' lang='lat' dir='ltr'><strong>fumum</strong></span> <span class='ocrx_word' id='word_1_118' title='bbox 584 2564 620 2606; x_wconf 87' lang='lat' dir='ltr'><strong>ex</strong></span> <span class='ocrx_word' id='word_1_119' title='bbox 650 2543 788 2629; x_wconf 85' lang='lat' dir='ltr'><strong>fulgore,</strong></span> <span class='ocrx_word' id='word_1_120' title='bbox 821 2542 874 2607; x_wconf 88' lang='lat' dir='ltr'><strong>sed</strong></span> <span class='ocrx_word' id='word_1_121' title='bbox 903 2565 940 2608; x_wconf 87' lang='lat' dir='ltr'><strong>ex</strong></span> <span class='ocrx_word' id='word_1_122' title='bbox 963 2542 1048 2607; x_wconf 82' lang='lat' dir='ltr'><strong>fumo</strong></span> <span class='ocrx_word' id='word_1_123' title='bbox 1072 2541 1144 2606; x_wconf 90' lang='lat' dir='ltr'><strong>dare</strong></span> <span class='ocrx_word' id='word_1_124' title='bbox 1167 2541 1285 2606; x_wconf 88' lang='lat' dir='ltr'><strong>lucem:</strong></span> <span class='ocrx_word' id='word_1_125' title='bbox 1310 2544 1348 2608; x_wconf 77' lang='lat' dir='ltr'><strong>A.</strong></span> 
     </span>
     <span class='ocr_line' id='line_1_17' title="bbox 338 2656 475 2722; baseline 0.015 -2"><span class='ocrx_word' id='word_1_126' title='bbox 338 2656 374 2721; x_wconf 93' lang='lat' dir='ltr'><strong>P.</strong></span> <span class='ocrx_word' id='word_1_127' title='bbox 402 2659 475 2722; x_wconf 79' lang='lat'><strong>143.</strong></span> 
     </span>
    </p>

    <p class='ocr_par' dir='ltr' id='par_1_5' title="bbox 335 2774 1350 2973">
     <span class='ocr_line' id='line_1_18' title="bbox 383 2774 1350 2862; baseline 0.002 -24"><span class='ocrx_word' id='word_1_128' title='bbox 383 2774 554 2860; x_wconf 82' lang='lat' dir='ltr'><strong>Tlepolemi</strong></span> <span class='ocrx_word' id='word_1_129' title='bbox 577 2777 609 2840; x_wconf 92' lang='lat' dir='ltr'><strong>in</strong></span> <span class='ocrx_word' id='word_1_130' title='bbox 632 2775 777 2842; x_wconf 83' lang='lat' dir='ltr'><strong>Rhodum</strong></span> <span class='ocrx_word' id='word_1_131' title='bbox 799 2776 1018 2862; x_wconf 87' lang='lat' dir='ltr'><strong>profectionem</strong></span> <span class='ocrx_word' id='word_1_132' title='bbox 1042 2783 1073 2842; x_wconf 91' lang='lat' dir='ltr'><strong>et</strong></span> <span class='ocrx_word' id='word_1_133' title='bbox 1092 2776 1130 2840; x_wconf 87' lang='lat' dir='ltr'><strong>ab</strong></span> <span class='ocrx_word' id='word_1_134' title='bbox 1147 2797 1183 2842; x_wconf 87' lang='lat' dir='ltr'><strong>eo</strong></span> <span class='ocrx_word' id='word_1_135' title='bbox 1198 2776 1350 2841; x_wconf 90' lang='lat' dir='ltr'><strong>coloniam</strong></span> 
     </span>
     <span class='ocr_line' id='line_1_19' title="bbox 335 2890 1257 2973; baseline 0.003 -18"><span class='ocrx_word' id='word_1_136' title='bbox 335 2890 379 2956; x_wconf 91' lang='lat' dir='ltr'><strong>ibi</strong></span> <span class='ocrx_word' id='word_1_137' title='bbox 407 2891 562 2956; x_wconf 89' lang='lat' dir='ltr'><strong>conditam</strong></span> <span class='ocrx_word' id='word_1_138' title='bbox 587 2893 679 2957; x_wconf 87' lang='lat' dir='ltr'><strong>etiam</strong></span> <span class='ocrx_word' id='word_1_139' title='bbox 702 2892 857 2958; x_wconf 86' lang='lat' dir='ltr'><strong>Homerus</strong></span> <span class='ocrx_word' id='word_1_140' title='bbox 880 2902 1046 2973; x_wconf 87' lang='lat' dir='ltr'><strong>memorat,</strong></span> <span class='ocrx_word' id='word_1_141' title='bbox 1071 2893 1110 2958; x_wconf 90' lang='grc'><strong>11.</strong></span> <span class='ocrx_word' id='word_1_142' title='bbox 1136 2893 1169 2958; x_wconf 93' lang='grc' dir='ltr'><strong>ΙΙ</strong></span> <span class='ocrx_word' id='word_1_143' title='bbox 1194 2894 1257 2958; x_wconf 85' lang='grc'><strong>661</strong></span> 
     </span>
    </p>

    <p class='ocr_par' dir='ltr' id='par_1_6' title="bbox 380 3008 1271 3094">
     <span class='ocr_line' id='line_1_20' title="bbox 380 3008 1271 3094; baseline 0.004 -21"><span class='ocrx_word' id='word_1_144' title='bbox 380 3010 576 3088; x_wconf 75' lang='grc' dir='ltr'><strong>Τληπόλεμος</strong></span> <span class='ocrx_word' id='word_1_145' title='bbox 599 3008 623 3075; x_wconf 75' lang='grc' dir='ltr'><strong>δ’</strong></span> <span class='ocrx_word' id='word_1_146' title='bbox 647 3009 709 3076; x_wconf 72' lang='grc' dir='ltr'><strong>ἐπεὶ</strong></span> <span class='ocrx_word' id='word_1_147' title='bbox 731 3008 778 3078; x_wconf 82' lang='grc' dir='ltr'><strong>οὖν</strong></span> <span class='ocrx_word' id='word_1_148' title='bbox 800 3011 901 3094; x_wconf 81' lang='grc' dir='ltr'><strong><em>τροίφη</em></strong></span> <span class='ocrx_word' id='word_1_149' title='bbox 924 3015 953 3078; x_wconf 82' lang='grc' dir='ltr'><strong>ἐν</strong></span> <span class='ocrx_word' id='word_1_150' title='bbox 976 3011 1098 3093; x_wconf 69' lang='grc' dir='ltr'><strong>μεγάρῳ</strong></span> <span class='ocrx_word' id='word_1_151' title='bbox 1121 3013 1271 3092; x_wconf 63' lang='lat' dir='ltr'><strong>dilatares,</strong></span> 
     </span>
    </p>

    <p class='ocr_par' dir='ltr' id='par_1_7' title="bbox 381 3126 1123 3211">
     <span class='ocr_line' id='line_1_21' title="bbox 381 3126 1123 3211; baseline 0.007 -22"><span class='ocrx_word' id='word_1_152' title='bbox 381 3126 491 3190; x_wconf 68' lang='lat' dir='ltr'><strong>aeetae</strong></span> <span class='ocrx_word' id='word_1_153' title='bbox 513 3126 624 3205; x_wconf 70' lang='grc' dir='ltr'><strong><em>πατρὸς</em></strong></span> <span class='ocrx_word' id='word_1_154' title='bbox 647 3127 699 3192; x_wconf 79' lang='grc' dir='ltr'><em>ἑοῖο</em></span> <span class='ocrx_word' id='word_1_155' title='bbox 721 3129 809 3211; x_wconf 79' lang='grc' dir='ltr'><strong><em>φίλον</em></strong></span> <span class='ocrx_word' id='word_1_156' title='bbox 830 3131 953 3208; x_wconf 71' lang='grc' dir='ltr'><strong><em>μήτρωα</em></strong></span> <span class='ocrx_word' id='word_1_157' title='bbox 976 3127 1123 3208; x_wconf 67' lang='lat' dir='ltr'><strong>matare,</strong></span> 
     </span>
    </p>

    <p class='ocr_par' dir='ltr' id='par_1_8' title="bbox 383 3241 1050 3328">
     <span class='ocr_line' id='line_1_22' title="bbox 383 3241 1050 3328; baseline 0.007 -22"><span class='ocrx_word' id='word_1_158' title='bbox 383 3242 433 3318; x_wconf 70' lang='grc' dir='ltr'><strong>ἤδη</strong></span> <span class='ocrx_word' id='word_1_159' title='bbox 456 3241 643 3322; x_wconf 72' lang='grc' dir='ltr'><strong>γηράσκοντα</strong></span> <span class='ocrx_word' id='word_1_160' title='bbox 664 3246 833 3322; x_wconf 76' lang='grc' dir='ltr'><strong>Λικύμνιον,</strong></span> <span class='ocrx_word' id='word_1_161' title='bbox 857 3244 916 3328; x_wconf 78' lang='grc' dir='ltr'><strong>ίζον</strong></span> <span class='ocrx_word' id='word_1_162' title='bbox 933 3245 1050 3326; x_wconf 79' lang='grc' dir='ltr'><strong><em>Ἄρηος.</em></strong></span> 
     </span>
    </p>

    <p class='ocr_par' dir='ltr' id='par_1_9' title="bbox 382 3355 1218 3444">
     <span class='ocr_line' id='line_1_23' title="bbox 382 3355 1218 3444; baseline 0.005 -22"><span class='ocrx_word' id='word_1_163' title='bbox 382 3355 463 3439; x_wconf 63' lang='lat' dir='ltr'><strong>clito</strong></span> <span class='ocrx_word' id='word_1_164' title='bbox 485 3359 515 3424; x_wconf 73' lang='grc' dir='ltr'><strong>δὲ</strong></span> <span class='ocrx_word' id='word_1_165' title='bbox 537 3367 607 3434; x_wconf 74' lang='grc' dir='ltr'><strong>νῆες</strong></span> <span class='ocrx_word' id='word_1_166' title='bbox 631 3359 738 3436; x_wconf 73' lang='grc' dir='ltr'><strong>ἔπηξε,</strong></span> <span class='ocrx_word' id='word_1_167' title='bbox 762 3363 853 3427; x_wconf 78' lang='grc' dir='ltr'><em>πολὺν</em></span> <span class='ocrx_word' id='word_1_168' title='bbox 875 3362 902 3426; x_wconf 77' lang='grc' dir='ltr'><strong>δ’</strong></span> <span class='ocrx_word' id='word_1_169' title='bbox 924 3361 977 3440; x_wconf 70' lang='grc' dir='ltr'><strong>ὅγε</strong></span> <span class='ocrx_word' id='word_1_170' title='bbox 1000 3362 1073 3428; x_wconf 72' lang='lat' dir='ltr'><strong>tuda</strong></span> <span class='ocrx_word' id='word_1_171' title='bbox 1094 3363 1218 3444; x_wconf 76' lang='grc' dir='ltr'><strong>οίρείροις</strong></span> 
     </span>
    </p>

    <p class='ocr_par' dir='ltr' id='par_1_10' title="bbox 379 3476 1209 3557">
     <span class='ocr_line' id='line_1_24' title="bbox 379 3476 1209 3557; baseline 0 -17"><span class='ocrx_word' id='word_1_172' title='bbox 379 3476 423 3554; x_wconf 76' lang='grc' dir='ltr'><strong>βῆ</strong></span> <span class='ocrx_word' id='word_1_173' title='bbox 445 3477 566 3557; x_wconf 75' lang='grc' dir='ltr'><em>Φεύγων</em></span> <span class='ocrx_word' id='word_1_174' title='bbox 588 3477 636 3542; x_wconf 78' lang='grc' dir='ltr'><strong>ἐπὶ</strong></span> <span class='ocrx_word' id='word_1_175' title='bbox 659 3478 777 3544; x_wconf 70' lang='grc' dir='ltr'><em>πόντον·</em></span> <span class='ocrx_word' id='word_1_176' title='bbox 802 3479 969 3554; x_wconf 70' lang='grc' dir='ltr'><strong><em>ἀπείλησαν</em></strong></span> <span class='ocrx_word' id='word_1_177' title='bbox 992 3479 1052 3557; x_wconf 62' lang='lat' dir='ltr'><strong>yda</strong></span> <span class='ocrx_word' id='word_1_178' title='bbox 1075 3482 1100 3548; x_wconf 84' lang='grc' dir='ltr'><strong>οί</strong></span> <span class='ocrx_word' id='word_1_179' title='bbox 1123 3477 1209 3543; x_wconf 74' lang='grc' dir='ltr'><em>ἄλλοι</em></span> 
     </span>
    </p>

    <p class='ocr_par' dir='ltr' id='par_1_11' title="bbox 380 3593 934 3675">
     <span class='ocr_line' id='line_1_25' title="bbox 380 3593 934 3675; baseline 0.002 -17"><span class='ocrx_word' id='word_1_180' title='bbox 380 3593 452 3666; x_wconf 72' lang='grc' dir='ltr'><em>υἱέες</em></span> <span class='ocrx_word' id='word_1_181' title='bbox 474 3593 567 3658; x_wconf 77' lang='lat' dir='ltr'><strong>vinoci</strong></span> <span class='ocrx_word' id='word_1_182' title='bbox 587 3618 621 3659; x_wconf 84' lang='grc' dir='ltr'><strong>τε</strong></span> <span class='ocrx_word' id='word_1_183' title='bbox 643 3593 711 3671; x_wconf 82' lang='grc' dir='ltr'><strong><em>βίης</em></strong></span> <span class='ocrx_word' id='word_1_184' title='bbox 733 3594 934 3675; x_wconf 73' lang='grc' dir='ltr'><strong><em>Ἡρακληείης.</em></strong></span> 
     </span>
    </p>

    <p class='ocr_par' dir='ltr' id='par_1_12' title="bbox 379 3707 1250 3791">
     <span class='ocr_line' id='line_1_26' title="bbox 379 3707 1250 3791; baseline 0 -16"><span class='ocrx_word' id='word_1_185' title='bbox 379 3711 474 3791; x_wconf 66' lang='grc' dir='ltr'><strong><em>αὐτὰρ</em></strong></span> <span class='ocrx_word' id='word_1_186' title='bbox 500 3707 547 3787; x_wconf 73' lang='grc' dir='ltr'><strong>ὅγ’</strong></span> <span class='ocrx_word' id='word_1_187' title='bbox 569 3713 599 3784; x_wconf 79' lang='grc' dir='ltr'><strong>ἐς</strong></span> <span class='ocrx_word' id='word_1_188' title='bbox 621 3711 711 3777; x_wconf 77' lang='grc' dir='ltr'><em>Ῥόδον</em></span> <span class='ocrx_word' id='word_1_189' title='bbox 733 3707 792 3787; x_wconf 81' lang='grc' dir='ltr'><strong>ίξεο</strong></span> <span class='ocrx_word' id='word_1_190' title='bbox 814 3712 962 3788; x_wconf 69' lang='grc' dir='ltr'><strong>ἀλώμενος</strong></span> <span class='ocrx_word' id='word_1_191' title='bbox 987 3710 1089 3789; x_wconf 70' lang='grc' dir='ltr'><em>ἄλγεα</em></span> <span class='ocrx_word' id='word_1_192' title='bbox 1112 3709 1250 3790; x_wconf 71' lang='grc' dir='ltr'><strong><em>πάσχων.</em></strong></span> 
     </span>
    </p>

    <p class='ocr_par' dir='ltr' id='par_1_13' title="bbox 378 3827 1123 3911">
     <span class='ocr_line' id='line_1_27' title="bbox 378 3827 1123 3911; baseline 0 -17"><span class='ocrx_word' id='word_1_193' title='bbox 378 3830 485 3909; x_wconf 73' lang='grc' dir='ltr'><strong><em>τριχθὰ</em></strong></span> <span class='ocrx_word' id='word_1_194' title='bbox 508 3830 532 3892; x_wconf 71' lang='grc' dir='ltr'><strong>δ’</strong></span> <span class='ocrx_word' id='word_1_195' title='bbox 554 3827 657 3911; x_wconf 83' lang='grc' dir='ltr'><strong><em>ᾤκηίεν</em></strong></span> <span class='ocrx_word' id='word_1_196' title='bbox 678 3829 909 3911; x_wconf 66' lang='lat' dir='ltr'><strong>menecrates,</strong></span> <span class='ocrx_word' id='word_1_197' title='bbox 933 3831 980 3904; x_wconf 71' lang='lat' dir='ltr'><strong>sill</strong></span> <span class='ocrx_word' id='word_1_198' title='bbox 1002 3829 1123 3910; x_wconf 79' lang='grc' dir='ltr'><strong>Φίληίεν</strong></span> 
     </span>
    </p>

    <p class='ocr_par' dir='ltr' id='par_1_14' title="bbox 331 3942 1355 4501">
     <span class='ocr_line' id='line_1_28' title="bbox 379 3942 1152 4026; baseline 0.003 -17"><span class='ocrx_word' id='word_1_199' title='bbox 379 3946 411 4009; x_wconf 79' lang='grc' dir='ltr'><strong>ἐκ</strong></span> <span class='ocrx_word' id='word_1_200' title='bbox 434 3945 520 4023; x_wconf 74' lang='grc' dir='ltr'><strong><em>Διὸς,</em></strong></span> <span class='ocrx_word' id='word_1_201' title='bbox 543 3942 611 4010; x_wconf 72' lang='grc' dir='ltr'><strong>ὅστε</strong></span> <span class='ocrx_word' id='word_1_202' title='bbox 633 3948 718 4011; x_wconf 76' lang='grc' dir='ltr'><em>θεοῖσι</em></span> <span class='ocrx_word' id='word_1_203' title='bbox 741 3947 791 4011; x_wconf 77' lang='grc' dir='ltr'><strong>κοί</strong></span> <span class='ocrx_word' id='word_1_204' title='bbox 814 3945 1152 4026; x_wconf 57' lang='lat' dir='ltr'><strong>deportaveramus.</strong></span> 
     </span>
     <span class='ocr_line' id='line_1_29' title="bbox 333 4055 1345 4147; baseline -0.004 -25"><span class='ocrx_word' id='word_1_205' title='bbox 333 4058 394 4123; x_wconf 77' lang='lat' dir='ltr'><strong>sed</strong></span> <span class='ocrx_word' id='word_1_206' title='bbox 423 4059 551 4124; x_wconf 89' lang='lat' dir='ltr'><strong>Homeri</strong></span> <span class='ocrx_word' id='word_1_207' title='bbox 582 4068 612 4124; x_wconf 91' lang='lat' dir='ltr'><strong>et</strong></span> <span class='ocrx_word' id='word_1_208' title='bbox 638 4058 764 4124; x_wconf 91' lang='lat' dir='ltr'><strong>Pindari</strong></span> <span class='ocrx_word' id='word_1_209' title='bbox 787 4061 965 4127; x_wconf 87' lang='lat' dir='ltr'><strong>testimonia</strong></span> <span class='ocrx_word' id='word_1_210' title='bbox 987 4060 1152 4147; x_wconf 88' lang='lat' dir='ltr'><strong>repudiant</strong></span> <span class='ocrx_word' id='word_1_211' title='bbox 1175 4055 1345 4122; x_wconf 85' lang='lat' dir='ltr'><strong>Muellerus</strong></span> 
     </span>
     <span class='ocr_line' id='line_1_30' title="bbox 333 4171 1346 4264; baseline -0.004 -24"><span class='ocrx_word' id='word_1_212' title='bbox 333 4185 365 4240; x_wconf 91' lang='lat' dir='ltr'><strong>et</strong></span> <span class='ocrx_word' id='word_1_213' title='bbox 387 4176 578 4255; x_wconf 82' lang='lat' dir='ltr'><strong>Boeclrhius‚</strong></span> <span class='ocrx_word' id='word_1_214' title='bbox 600 4185 630 4241; x_wconf 91' lang='lat' dir='ltr'><strong>et</strong></span> <span class='ocrx_word' id='word_1_215' title='bbox 645 4178 811 4264; x_wconf 87' lang='lat' dir='ltr'><strong>posteriore</strong></span> <span class='ocrx_word' id='word_1_216' title='bbox 826 4179 950 4244; x_wconf 91' lang='lat' dir='ltr'><strong>demum</strong></span> <span class='ocrx_word' id='word_1_217' title='bbox 966 4187 1065 4243; x_wconf 87' lang='lat' dir='ltr'><strong>aetate</strong></span> <span class='ocrx_word' id='word_1_218' title='bbox 1082 4177 1227 4262; x_wconf 80' lang='lat' dir='ltr'><strong>Argivom</strong></span> <span class='ocrx_word' id='word_1_219' title='bbox 1243 4171 1346 4238; x_wconf 83' lang='lat' dir='ltr'><strong>Rhodi</strong></span> 
     </span>
     <span class='ocr_line' id='line_1_31' title="bbox 331 4286 1346 4372; baseline -0.006 -13"><span class='ocrx_word' id='word_1_220' title='bbox 331 4294 482 4360; x_wconf 87' lang='lat' dir='ltr'><strong>coloniam</strong></span> <span class='ocrx_word' id='word_1_221' title='bbox 513 4295 687 4361; x_wconf 82' lang='lat' dir='ltr'><strong>consedisse</strong></span> <span class='ocrx_word' id='word_1_222' title='bbox 716 4296 902 4363; x_wconf 84' lang='lat' dir='ltr'><strong>existimant.</strong></span> <span class='ocrx_word' id='word_1_223' title='bbox 939 4296 1031 4362; x_wconf 78' lang='lat' dir='ltr'><strong>(lette</strong></span> <span class='ocrx_word' id='word_1_224' title='bbox 1053 4293 1180 4372; x_wconf 84' lang='lat' dir='ltr'><strong>Strabo,</strong></span> <span class='ocrx_word' id='word_1_225' title='bbox 1204 4291 1242 4356; x_wconf 91' lang='lat' dir='ltr'><strong>L.</strong></span> <span class='ocrx_word' id='word_1_226' title='bbox 1267 4286 1346 4353; x_wconf 84' lang='lat' dir='ltr'><strong>XIV</strong></span> 
     </span>
     <span class='ocr_line' id='line_1_32' title="bbox 332 4405 1355 4501; baseline -0.005 -26"><span class='ocrx_word' id='word_1_227' title='bbox 332 4435 351 4496; x_wconf 92' lang='lat' dir='ltr'><strong>p</strong></span> <span class='ocrx_word' id='word_1_228' title='bbox 376 4414 440 4477; x_wconf 79' lang='lat'><strong>658</strong></span> <span class='ocrx_word' id='word_1_229' title='bbox 465 4411 629 4478; x_wconf 88' lang='lat' dir='ltr'><strong>Dorienses</strong></span> <span class='ocrx_word' id='word_1_230' title='bbox 652 4413 729 4478; x_wconf 89' lang='lat' dir='ltr'><strong>dicit</strong></span> <span class='ocrx_word' id='word_1_231' title='bbox 751 4436 820 4494; x_wconf 89' lang='lat' dir='ltr'><strong>eos,</strong></span> <span class='ocrx_word' id='word_1_232' title='bbox 844 4417 900 4501; x_wconf 91' lang='lat' dir='ltr'><strong>qui</strong></span> <span class='ocrx_word' id='word_1_233' title='bbox 923 4422 996 4501; x_wconf 90' lang='lat' dir='ltr'><strong>post</strong></span> <span class='ocrx_word' id='word_1_234' title='bbox 1019 4418 1146 4478; x_wconf 90' lang='lat' dir='ltr'><strong>mortem</strong></span> <span class='ocrx_word' id='word_1_235' title='bbox 1168 4409 1262 4474; x_wconf 81' lang='lat' dir='ltr'><strong>Codri</strong></span> <span class='ocrx_word' id='word_1_236' title='bbox 1283 4405 1355 4496; x_wconf 70' lang='lat' dir='ltr'><strong>lde·¹</strong></span> 
     </span>
    </p>

    <p class='ocr_par' dir='ltr' id='par_1_15' title="bbox 1181 4531 1214 4590">
     <span class='ocr_line' id='line_1_33' title="bbox 1181 4531 1214 4590; baseline 0.152 -5"><span class='ocrx_word' id='word_1_237' title='bbox 1181 4531 1214 4590; x_wconf 80' lang='grc'><strong>21</strong></span> 
     </span>
    </p>
   </div>
   <div class='ocr_carea' id='block_1_5' title="bbox 0 0 1893 5542">
    <p class='ocr_par' dir='ltr' id='par_1_16' title="bbox 0 0 1893 5542">
     <span class='ocr_line' id='line_1_34' title="bbox 0 0 1893 5542; baseline 0 0"><span class='ocrx_word' id='word_1_238' title='bbox 0 0 1893 5542; x_wconf 95' lang='lat' dir='ltr'><strong> </strong></span> 
     </span>
    </p>
   </div>
  </div>
 </body>
</html>
