3725 5542
800 750 839 809 ll

317 950 417 1014 lennes
439 947 506 1012 ludi
523 970 616 1033 supra
632 969 679 1010 res
695 946 829 1029 reliquas
845 970 951 1027 omnes
972 947 1134 1023 carissimi,
1158 959 1193 1009 ut
1212 943 1330 1007 eximiis

318 1089 417 1131 eorum
441 1066 589 1130 laudibus
612 1086 804 1149 summopere
828 1064 1041 1129 delectaretur.
1088 1063 1191 1143 Quam
1215 1060 1334 1146 dignis-

318 1185 417 1247 simam
453 1204 528 1246 sane
562 1182 693 1246 dicimus
729 1182 842 1246 Poetae
873 1180 1003 1246 canendi
1035 1181 1129 1246 luisse
1163 1179 1329 1245 materiem.

319 1298 374 1364 Via
404 1302 486 1365 enim
518 1300 688 1385 quidquam
715 1300 870 1378 invenias,
901 1300 986 1383 quod
1013 1299 1107 1363 fuerit
1134 1321 1204 1362 cum
1233 1297 1330 1381 ipsius

317 1418 457 1482 Graeciae
473 1418 566 1481 laude
582 1416 796 1502 conjunctius:
814 1440 871 1480 uec
887 1417 988 1481 dicere
1004 1415 1210 1492 dubitaveris,
1227 1436 1332 1499 quem-

317 1534 477 1600 admodum
505 1534 645 1619 singulae
674 1534 765 1599 urbes
794 1534 951 1611 libertate,
980 1534 1142 1611 concione,
1164 1533 1329 1617 legumque

318 1652 434 1715 vinculo
459 1674 547 1715 snam
572 1651 747 1716 habuerunt
770 1650 890 1734 sibique
914 1650 1066 1736 propriam
1092 1649 1328 1735 praestantiam,

316 1768 356 1831 sic
386 1768 559 1833 universam
592 1767 751 1830 Graeciam
783 1788 869 1831 sacra
899 1766 955 1830 illa
984 1767 1129 1831 ludorum
1153 1765 1330 1829 celebritate

316 1884 513 1970 legitimoque
546 1894 700 1948 conventu
737 1885 924 1969 praestitisse
956 1884 1102 1948 barbaris.
1159 1883 1198 1946 In
1229 1882 1331 1945 Persis

317 2022 384 2066 saue
407 2001 687 2079 Tritautaechmes,
714 2024 812 2085 quum
836 2001 1050 2087 Olympiorum
1076 2003 1226 2065 rationem
1251 2022 1332 2064 acce·

317 2120 424 2203 pisset,
455 2119 652 2183 exclamavit:
677 2118 766 2197 „Vae
789 2120 952 2184 Mardoni!
979 2120 1124 2183 adversm
1148 2141 1226 2203 quos
1250 2106 1349 2183 viros

317 2258 368 2301 nos
398 2238 431 2302 in
464 2237 614 2321 proelium
646 2236 751 2314 ducis,
784 2239 838 2321 qui
867 2260 929 2302 non
961 2237 999 2301 de
1032 2237 1179 2321 pecunia,
1213 2236 1266 2300 sed
1294 2236 1333 2299 de

317 2353 403 2420 laude
439 2354 632 2419 contendunt
664 2355 867 2419 certamincl''
881 2359 905 2439 ¹)
960 2353 1104 2439 Corporis
1136 2354 1332 2429 exercitatio,
1410 2378 1415 2384 ·

317 2493 477 2548 curruum,
504 2492 669 2555 equorum,
695 2493 849 2536 armorum
872 2472 1033 2548 tractatio,
1059 2470 1206 2556 splendor
1229 2470 1332 2533 diviti-

317 2612 417 2667 arum,
448 2589 558 2692 blasae
589 2591 775 2674 praestantia
802 2590 844 2654 ibi
869 2563 1034 2654 nobilitata
1055 2599 1139 2654 suut.
1187 2589 1331 2653 Vidimus

318 2717 419 2785 autea,
449 2728 576 2790 magnas
604 2728 695 2791 saepe
717 2707 750 2770 in
774 2706 901 2771 Pindari
924 2707 1111 2772 carminibus
1135 2729 1200 2771 esse
1223 2706 1332 2770 laudes

318 2824 462 2901 heroum,
493 2824 548 2907 qui
578 2824 663 2907 prius
695 2825 827 2888 fuerant.
879 2823 939 2888 Sed
967 2824 1077 2889 horum
1105 2802 1242 2910 ipsorum
1269 2847 1332 2888 nou

317 2950 437 3007 tantum
468 2942 631 3019 memoria,
664 2941 717 3005 sed
745 2942 813 3025 ipsa
842 2942 937 3006 virtus
961 2942 1044 3006 ludis
1066 2942 1129 3007 illis
1152 2943 1242 3027 quasi
1266 2964 1333 3027 pro·

319 3066 426 3143 pagata
456 3065 503 3121 est
534 3058 708 3141 pectoribus
740 3060 905 3143 generosis.
959 3058 1123 3139 Quomodo
1154 3060 1266 3145 aliquis
1294 3060 1333 3124 ad

319 3172 478 3253 Herculis,
510 3174 650 3260 Pelopis,
675 3176 880 3241 Aeacidarum
911 3177 1041 3262 gloriam
1072 3178 1198 3264 propius
1230 3179 1334 3263 potuit

319 3293 474 3371 accedere,
500 3315 592 3377 quam
615 3294 641 3357 si
663 3294 889 3380 injustissimo
909 3294 1046 3379 judicio,
1071 3298 1104 3359 iu
1123 3296 1219 3360 totius
1241 3297 1334 3361 Grae·

318 3412 378 3477 siae
409 3412 526 3489 oculis,
556 3410 748 3477 fortitudinis
771 3414 1000 3478 nancisceretur
1025 3414 1215 3499 praemium?
1262 3414 1336 3480 Fuit

318 3537 418 3595 autem
459 3530 596 3615 prolecto
636 3532 811 3595 certaminis
852 3540 883 3595 et
924 3532 1053 3617 parandi
1094 3540 1124 3596 et
1158 3534 1334 3618 perficiendi

318 3645 401 3715 labor
442 3649 568 3732 ingens:
612 3648 666 3713 sed
708 3648 817 3733 ingens
857 3650 972 3734 pariter
1009 3650 1141 3716 dulcedo
1179 3652 1333 3717 victoriae.

319 3762 407 3831 canit
440 3764 611 3829 Pindarus:
637 3766 798 3843 „celeritas
827 3768 941 3852 pedum
971 3776 1068 3833 certat
1090 3770 1134 3835 ibi
1157 3793 1192 3834 ac
1215 3794 1336 3836 summa

319 3883 434 3948 roboris
466 3884 632 3948 fortitudo:
666 3886 764 3949 victor
795 3896 898 3950 autem
928 3888 961 3952 in
986 3888 1105 3972 reliqua
1128 3890 1191 3953 vita
1214 3890 1335 3955 dulcem

320 4002 451 4082 quietem
487 4000 580 4065 habet
615 4010 740 4087 propter
773 4000 981 4088 praemia.'’']
1028 4006 1099 4070 Alio
1131 4006 1214 4071 loco:
1247 4010 1336 4085 „sine

321 4120 458 4200 periculis
483 4119 590 4183 laudes
614 4122 770 4203 usquein
794 4121 974 4187 hominibus
997 4146 1099 4207 neque
1123 4125 1154 4189 in
1179 4126 1260 4189 cavis
1285 4148 1336 4190 ua·

321 4236 405 4300 vibus
437 4237 621 4301 honoratae:
656 4239 746 4303 multi
779 4262 850 4305 vero
879 4244 1101 4320 meminerunt,
1130 4245 1156 4306 si
1184 4265 1245 4326 qua
1269 4244 1336 4308 laus

356 4522 375 4581 ι)
394 4520 509 4569 name.
531 4522 600 4570 aru.
619 4522 659 4570 as.
761 4524 785 4584 a)
806 4526 841 4572 οι.
862 4526 882 4575 1.
903 4527 964 4585 ise,
981 4542 1041 4591 seqq.
