<?xml version="1.0" encoding="UTF-8"?>
<!DOCTYPE html PUBLIC "-//W3C//DTD XHTML 1.0 Transitional//EN"
    "http://www.w3.org/TR/xhtml1/DTD/xhtml1-transitional.dtd">
<html xmlns="http://www.w3.org/1999/xhtml" xml:lang="en" lang="en">
 <head>
  <title>
</title>
<meta http-equiv="Content-Type" content="text/html;charset=utf-8" />
  <meta name='ocr-system' content='tesseract 3.04.00' />
  <meta name='ocr-capabilities' content='ocr_page ocr_carea ocr_par ocr_line ocrx_word'/>
</head>
<body>
  <div class='ocr_page' id='page_1' title='image "./pindaricarminao01pindgoog_0260.png"; bbox 0 0 3725 5542; ppageno 0'>
   <div class='ocr_carea' id='block_1_1' title="bbox 814 1050 1099 1113">
    <p class='ocr_par' dir='ltr' id='par_1_1' title="bbox 814 1050 1099 1113">
     <span class='ocr_line' id='line_1_1' title="bbox 814 1050 1099 1113; baseline 0.004 -2"><span class='ocrx_word' id='word_1_1' title='bbox 814 1050 1010 1113; x_wconf 80' lang='lat' dir='ltr'><strong>OLYMPm</strong></span> <span class='ocrx_word' id='word_1_2' title='bbox 1042 1050 1099 1112; x_wconf 75' lang='lat' dir='ltr'><strong>xl.</strong></span> 
     </span>
    </p>
   </div>
   <div class='ocr_carea' id='block_1_2' title="bbox 683 1277 1232 1334">
    <p class='ocr_par' dir='ltr' id='par_1_2' title="bbox 683 1277 1232 1334">
     <span class='ocr_line' id='line_1_2' title="bbox 683 1277 1232 1334; baseline 0 -13"><span class='ocrx_word' id='word_1_3' title='bbox 683 1279 863 1321; x_wconf 65' lang='lat' dir='ltr'><strong>doromello</strong></span> <span class='ocrx_word' id='word_1_4' title='bbox 887 1278 987 1321; x_wconf 73' lang='lat' dir='ltr'><strong>noceo</strong></span> <span class='ocrx_word' id='word_1_5' title='bbox 1011 1277 1232 1334; x_wconf 70' lang='lat' dir='ltr'><strong>ltrlznl’flrmo,</strong></span> 
     </span>
    </p>
   </div>
   <div class='ocr_carea' id='block_1_3' title="bbox 840 1466 1071 1547">
    <p class='ocr_par' dir='ltr' id='par_1_3' title="bbox 840 1466 1071 1547">
     <span class='ocr_line' id='line_1_3' title="bbox 840 1466 1071 1547; baseline -0.009 -18"><span class='ocrx_word' id='word_1_6' title='bbox 840 1466 937 1529; x_wconf 80' lang='lat' dir='ltr'><strong>Puero</strong></span> <span class='ocrx_word' id='word_1_7' title='bbox 964 1466 1071 1547; x_wconf 72' lang='lat' dir='ltr'><strong>papili.</strong></span> 
     </span>
    </p>
   </div>
   <div class='ocr_carea' id='block_1_4' title="bbox 372 1672 1467 3393">
    <p class='ocr_par' dir='ltr' id='par_1_4' title="bbox 445 1672 1466 2357">
     <span class='ocr_line' id='line_1_4' title="bbox 496 1672 1466 1757; baseline 0.001 -22"><span class='ocrx_word' id='word_1_8' title='bbox 496 1672 581 1735; x_wconf 82' lang='lat' dir='ltr'><strong>Alias</strong></span> <span class='ocrx_word' id='word_1_9' title='bbox 615 1672 791 1737; x_wconf 86' lang='lat' dir='ltr'><strong>homiuibus</strong></span> <span class='ocrx_word' id='word_1_10' title='bbox 823 1674 921 1736; x_wconf 89' lang='lat' dir='ltr'><strong>ventis</strong></span> <span class='ocrx_word' id='word_1_11' title='bbox 953 1674 1083 1736; x_wconf 84' lang='lat' dir='ltr'><strong>maxime</strong></span> <span class='ocrx_word' id='word_1_12' title='bbox 1106 1695 1185 1757; x_wconf 83' lang='lat' dir='ltr'><strong>opus</strong></span> <span class='ocrx_word' id='word_1_13' title='bbox 1208 1685 1272 1751; x_wconf 83' lang='lat' dir='ltr'><strong>est,</strong></span> <span class='ocrx_word' id='word_1_14' title='bbox 1302 1674 1377 1737; x_wconf 84' lang='lat' dir='ltr'><strong>alias</strong></span> <span class='ocrx_word' id='word_1_15' title='bbox 1400 1696 1466 1736; x_wconf 87' lang='lat' dir='ltr'><strong>eoe-</strong></span> 
     </span>
     <span class='ocr_line' id='line_1_5' title="bbox 449 1790 1465 1877; baseline -0.002 -22"><span class='ocrx_word' id='word_1_16' title='bbox 449 1791 577 1856; x_wconf 86' lang='lat' dir='ltr'><strong>lestibus</strong></span> <span class='ocrx_word' id='word_1_17' title='bbox 602 1792 689 1875; x_wconf 87' lang='lat' dir='ltr'><strong>aquis</strong></span> <span class='ocrx_word' id='word_1_18' title='bbox 713 1790 876 1868; x_wconf 88' lang='lat' dir='ltr'><strong>imbrium,</strong></span> <span class='ocrx_word' id='word_1_19' title='bbox 901 1791 987 1875; x_wconf 84' lang='lat' dir='ltr'><strong>prole</strong></span> <span class='ocrx_word' id='word_1_20' title='bbox 1010 1791 1112 1855; x_wconf 88' lang='lat' dir='ltr'><strong>nubis.</strong></span> <span class='ocrx_word' id='word_1_21' title='bbox 1154 1791 1276 1872; x_wconf 77' lang='lat' dir='ltr'><strong>Quodsi</strong></span> <span class='ocrx_word' id='word_1_22' title='bbox 1299 1816 1371 1856; x_wconf 81' lang='lat' dir='ltr'><strong>uero</strong></span> <span class='ocrx_word' id='word_1_23' title='bbox 1395 1795 1465 1877; x_wconf 86' lang='lat' dir='ltr'><strong>quis</strong></span> 
     </span>
     <span class='ocr_line' id='line_1_6' title="bbox 449 1907 1464 1986; baseline 0.001 -14"><span class='ocrx_word' id='word_1_24' title='bbox 449 1931 518 1972; x_wconf 91' lang='lat' dir='ltr'><strong>oum</strong></span> <span class='ocrx_word' id='word_1_25' title='bbox 550 1908 655 1973; x_wconf 86' lang='lat' dir='ltr'><strong>labore</strong></span> <span class='ocrx_word' id='word_1_26' title='bbox 685 1907 803 1973; x_wconf 80' lang='lat' dir='ltr'><strong>felicem</strong></span> <span class='ocrx_word' id='word_1_27' title='bbox 836 1930 1012 1973; x_wconf 83' lang='lat' dir='ltr'><strong>successum</strong></span> <span class='ocrx_word' id='word_1_28' title='bbox 1043 1908 1170 1986; x_wconf 87' lang='lat' dir='ltr'><strong>habuit,</strong></span> <span class='ocrx_word' id='word_1_29' title='bbox 1205 1909 1279 1973; x_wconf 87' lang='lat' dir='ltr'><strong>huie</strong></span> <span class='ocrx_word' id='word_1_30' title='bbox 1310 1910 1464 1974; x_wconf 81' lang='lat' dir='ltr'>dulcisoni</span> 
     </span>
     <span class='ocr_line' id='line_1_7' title="bbox 450 2026 1464 2111; baseline 0 -20"><span class='ocrx_word' id='word_1_31' title='bbox 450 2027 556 2111; x_wconf 87' lang='lat' dir='ltr'>hymni</span> <span class='ocrx_word' id='word_1_32' title='bbox 588 2026 792 2110; x_wconf 81' lang='lat' dir='ltr'>posteriorum</span> <span class='ocrx_word' id='word_1_33' title='bbox 822 2034 895 2089; x_wconf 87' lang='lat' dir='ltr'><strong>sunt</strong></span> <span class='ocrx_word' id='word_1_34' title='bbox 918 2048 1096 2090; x_wconf 83' lang='lat' dir='ltr'><strong>sermonum</strong></span> <span class='ocrx_word' id='word_1_35' title='bbox 1118 2027 1287 2111; x_wconf 85' lang='lat' dir='ltr'><strong>principia,</strong></span> <span class='ocrx_word' id='word_1_36' title='bbox 1312 2036 1344 2091; x_wconf 89' lang='lat' dir='ltr'><strong>et</strong></span> <span class='ocrx_word' id='word_1_37' title='bbox 1367 2027 1464 2091; x_wconf 85' lang='lat' dir='ltr'><strong>lidum</strong></span> 
     </span>
     <span class='ocr_line' id='line_1_8' title="bbox 445 2144 1464 2230; baseline 0.001 -23"><span class='ocrx_word' id='word_1_38' title='bbox 445 2144 662 2230; x_wconf 84' lang='lat' dir='ltr'><strong>jusjurandum</strong></span> <span class='ocrx_word' id='word_1_39' title='bbox 689 2146 807 2229; x_wconf 86' lang='lat' dir='ltr'><strong>magnis</strong></span> <span class='ocrx_word' id='word_1_40' title='bbox 832 2145 1010 2210; x_wconf 84' lang='lat' dir='ltr'><strong>virtutibus.</strong></span> <span class='ocrx_word' id='word_1_41' title='bbox 1057 2144 1129 2209; x_wconf 87' lang='lat' dir='ltr'><strong>Sine</strong></span> <span class='ocrx_word' id='word_1_42' title='bbox 1153 2146 1270 2209; x_wconf 84' lang='lat' dir='ltr'><strong>invidie</strong></span> <span class='ocrx_word' id='word_1_43' title='bbox 1293 2146 1369 2210; x_wconf 88' lang='lat' dir='ltr'><strong>haee</strong></span> <span class='ocrx_word' id='word_1_44' title='bbox 1397 2146 1464 2210; x_wconf 83' lang='lat' dir='ltr'><strong>laus</strong></span> 
     </span>
     <span class='ocr_line' id='line_1_9' title="bbox 451 2260 1466 2357; baseline 0.003 -32"><span class='ocrx_word' id='word_1_45' title='bbox 451 2262 619 2328; x_wconf 80' lang='lat' dir='ltr'><strong>victoribus</strong></span> <span class='ocrx_word' id='word_1_46' title='bbox 638 2260 800 2347; x_wconf 84' lang='lat' dir='ltr'><strong>Olympiae</strong></span> <span class='ocrx_word' id='word_1_47' title='bbox 817 2271 922 2348; x_wconf 85' lang='lat' dir='ltr'><strong>parata</strong></span> <span class='ocrx_word' id='word_1_48' title='bbox 939 2272 994 2327; x_wconf 80' lang='lat' dir='ltr'><strong>eat.</strong></span> <span class='ocrx_word' id='word_1_49' title='bbox 1034 2262 1080 2328; x_wconf 82' lang='lat' dir='ltr'><strong>Ea</strong></span> <span class='ocrx_word' id='word_1_50' title='bbox 1095 2263 1221 2348; x_wconf 89' lang='lat' dir='ltr'><strong>quidem</strong></span> <span class='ocrx_word' id='word_1_51' title='bbox 1239 2274 1344 2357; x_wconf 86' lang='lat' dir='ltr'><strong>nostra</strong></span> <span class='ocrx_word' id='word_1_52' title='bbox 1359 2264 1466 2349; x_wconf 90' lang='lat' dir='ltr'><strong>lingua</strong></span> 
     </span>
    </p>

    <p class='ocr_par' dir='ltr' id='par_1_5' title="bbox 374 2380 1467 3060">
     <span class='ocr_line' id='line_1_10' title="bbox 374 2380 1465 2469; baseline 0.002 -24"><span class='ocrx_word' id='word_1_53' title='bbox 374 2384 413 2445; x_wconf 85' lang='lat'><strong>10</strong></span> <span class='ocrx_word' id='word_1_54' title='bbox 450 2380 620 2467; x_wconf 85' lang='lat' dir='ltr'><strong>gubernare</strong></span> <span class='ocrx_word' id='word_1_55' title='bbox 655 2382 759 2465; x_wconf 87' lang='lat' dir='ltr'><strong>cupit:</strong></span> <span class='ocrx_word' id='word_1_56' title='bbox 796 2405 812 2445; x_wconf 89' lang='lat' dir='ltr'><strong>e</strong></span> <span class='ocrx_word' id='word_1_57' title='bbox 846 2380 913 2445; x_wconf 90' lang='lat' dir='ltr'><strong>Deo</strong></span> <span class='ocrx_word' id='word_1_58' title='bbox 949 2382 1030 2445; x_wconf 89' lang='lat' dir='ltr'><strong>enim</strong></span> <span class='ocrx_word' id='word_1_59' title='bbox 1065 2382 1154 2446; x_wconf 88' lang='lat' dir='ltr'><strong>floret</strong></span> <span class='ocrx_word' id='word_1_60' title='bbox 1189 2382 1280 2446; x_wconf 90' lang='lat' dir='ltr'><strong>homo</strong></span> <span class='ocrx_word' id='word_1_61' title='bbox 1317 2390 1465 2469; x_wconf 90' lang='lat' dir='ltr'><strong>perpetuo</strong></span> 
     </span>
     <span class='ocr_line' id='line_1_11' title="bbox 449 2499 1467 2585; baseline 0.002 -23"><span class='ocrx_word' id='word_1_62' title='bbox 449 2500 587 2583; x_wconf 87' lang='lat' dir='ltr'><strong>sapiente</strong></span> <span class='ocrx_word' id='word_1_63' title='bbox 619 2499 752 2583; x_wconf 89' lang='lat' dir='ltr'><strong>ingenio.</strong></span> <span class='ocrx_word' id='word_1_64' title='bbox 799 2499 882 2564; x_wconf 85' lang='lat' dir='ltr'><strong>Scito</strong></span> <span class='ocrx_word' id='word_1_65' title='bbox 915 2521 1016 2576; x_wconf 87' lang='lat' dir='ltr'><strong>nune,</strong></span> <span class='ocrx_word' id='word_1_66' title='bbox 1051 2499 1240 2565; x_wconf 76' lang='lat' dir='ltr'><strong>Archeatrati</strong></span> <span class='ocrx_word' id='word_1_67' title='bbox 1267 2500 1329 2578; x_wconf 89' lang='lat' dir='ltr'><strong>lili,</strong></span> <span class='ocrx_word' id='word_1_68' title='bbox 1360 2502 1467 2585; x_wconf 78' lang='lat' dir='ltr'><strong>Agesi-</strong></span> 
     </span>
     <span class='ocr_line' id='line_1_12' title="bbox 451 2617 1466 2695; baseline 0.004 -15"><span class='ocrx_word' id='word_1_69' title='bbox 451 2617 557 2695; x_wconf 86' lang='lat' dir='ltr'><strong>damo,</strong></span> <span class='ocrx_word' id='word_1_70' title='bbox 591 2626 804 2681; x_wconf 79' lang='lat' dir='ltr'><strong>ornamentum</strong></span> <span class='ocrx_word' id='word_1_71' title='bbox 835 2618 971 2682; x_wconf 87' lang='lat' dir='ltr'><strong>aooinam</strong></span> <span class='ocrx_word' id='word_1_72' title='bbox 995 2618 1192 2683; x_wconf 84' lang='lat' dir='ltr'><strong>dulcisonum</strong></span> <span class='ocrx_word' id='word_1_73' title='bbox 1214 2640 1344 2683; x_wconf 83' lang='lat' dir='ltr'><strong>coronae</strong></span> <span class='ocrx_word' id='word_1_74' title='bbox 1368 2619 1466 2684; x_wconf 90' lang='lat' dir='ltr'><strong>olivae</strong></span> 
     </span>
     <span class='ocr_line' id='line_1_13' title="bbox 450 2736 1465 2823; baseline 0.003 -24"><span class='ocrx_word' id='word_1_75' title='bbox 450 2758 574 2813; x_wconf 89' lang='lat' dir='ltr'><strong>aureae,</strong></span> <span class='ocrx_word' id='word_1_76' title='bbox 609 2758 719 2800; x_wconf 82' lang='lat' dir='ltr'><strong>curans</strong></span> <span class='ocrx_word' id='word_1_77' title='bbox 743 2744 867 2820; x_wconf 83' lang='lat' dir='ltr'><strong>gentem</strong></span> <span class='ocrx_word' id='word_1_78' title='bbox 894 2736 1064 2801; x_wconf 79' lang='lat' dir='ltr'><strong>Locrorum</strong></span> <span class='ocrx_word' id='word_1_79' title='bbox 1087 2736 1371 2823; x_wconf 81' lang='lat' dir='ltr'><strong>Epizephyriorum.</strong></span> <span class='ocrx_word' id='word_1_80' title='bbox 1419 2737 1465 2801; x_wconf 75' lang='lat' dir='ltr'><strong>uo</strong></span> 
     </span>
     <span class='ocr_line' id='line_1_14' title="bbox 450 2852 1466 2939; baseline 0.005 -23"><span class='ocrx_word' id='word_1_81' title='bbox 450 2852 488 2916; x_wconf 88' lang='lat' dir='ltr'><strong>ad</strong></span> <span class='ocrx_word' id='word_1_82' title='bbox 512 2852 625 2917; x_wconf 86' lang='lat' dir='ltr'><strong>festum</strong></span> <span class='ocrx_word' id='word_1_83' title='bbox 649 2855 862 2931; x_wconf 84' lang='lat' dir='ltr'><strong>eorrvenitote,</strong></span> <span class='ocrx_word' id='word_1_84' title='bbox 887 2854 1063 2939; x_wconf 84' lang='lat' dir='ltr'><strong>spondebo,</strong></span> <span class='ocrx_word' id='word_1_85' title='bbox 1088 2855 1212 2934; x_wconf 87' lang='lat' dir='ltr'><strong>Musae,</strong></span> <span class='ocrx_word' id='word_1_86' title='bbox 1238 2878 1291 2920; x_wconf 85' lang='lat' dir='ltr'><strong>vos</strong></span> <span class='ocrx_word' id='word_1_87' title='bbox 1313 2877 1378 2920; x_wconf 92' lang='lat' dir='ltr'><strong>nou</strong></span> <span class='ocrx_word' id='word_1_88' title='bbox 1397 2878 1466 2921; x_wconf 88' lang='lat' dir='ltr'><strong>uae·</strong></span> 
     </span>
     <span class='ocr_line' id='line_1_15' title="bbox 450 2973 1467 3060; baseline 0.004 -25"><span class='ocrx_word' id='word_1_89' title='bbox 450 2980 534 3036; x_wconf 84' lang='lat' dir='ltr'><strong>tures</strong></span> <span class='ocrx_word' id='word_1_90' title='bbox 566 2994 631 3036; x_wconf 85' lang='lat' dir='ltr'><strong>esse</strong></span> <span class='ocrx_word' id='word_1_91' title='bbox 655 2994 730 3037; x_wconf 88' lang='lat' dir='ltr'><strong>eum</strong></span> <span class='ocrx_word' id='word_1_92' title='bbox 751 2973 902 3059; x_wconf 89' lang='lat' dir='ltr'><strong>populum</strong></span> <span class='ocrx_word' id='word_1_93' title='bbox 929 2974 1146 3059; x_wconf 69' lang='lat' dir='ltr'><strong>inhospitalem</strong></span> <span class='ocrx_word' id='word_1_94' title='bbox 1170 2996 1226 3039; x_wconf 88' lang='lat' dir='ltr'><strong>nee</strong></span> <span class='ocrx_word' id='word_1_95' title='bbox 1250 2974 1351 3058; x_wconf 82' lang='lat' dir='ltr'><strong>pulcri</strong></span> <span class='ocrx_word' id='word_1_96' title='bbox 1373 2975 1467 3060; x_wconf 91' lang='lat' dir='ltr'><strong>impe·</strong></span> 
     </span>
    </p>

    <p class='ocr_par' dir='ltr' id='par_1_6' title="bbox 372 3090 1467 3393">
     <span class='ocr_line' id='line_1_16' title="bbox 372 3090 1466 3179; baseline 0.005 -26"><span class='ocrx_word' id='word_1_97' title='bbox 372 3091 415 3155; x_wconf 75' lang='lat'><strong>20</strong></span> <span class='ocrx_word' id='word_1_98' title='bbox 450 3090 542 3154; x_wconf 91' lang='lat' dir='ltr'><strong>ritum</strong></span> <span class='ocrx_word' id='word_1_99' title='bbox 575 3090 628 3154; x_wconf 83' lang='lat' dir='ltr'><strong>sed</strong></span> <span class='ocrx_word' id='word_1_100' title='bbox 662 3113 779 3155; x_wconf 86' lang='lat' dir='ltr'><strong>summe</strong></span> <span class='ocrx_word' id='word_1_101' title='bbox 807 3093 977 3178; x_wconf 79' lang='lat' dir='ltr'><strong>sapientem</strong></span> <span class='ocrx_word' id='word_1_102' title='bbox 1000 3093 1181 3179; x_wconf 86' lang='lat' dir='ltr'><strong>fortemque.</strong></span> <span class='ocrx_word' id='word_1_103' title='bbox 1227 3092 1362 3157; x_wconf 87' lang='lat' dir='ltr'><strong>Insitum</strong></span> <span class='ocrx_word' id='word_1_104' title='bbox 1385 3094 1466 3158; x_wconf 88' lang='lat' dir='ltr'><strong>enim</strong></span> 
     </span>
     <span class='ocr_line' id='line_1_17' title="bbox 451 3209 1467 3296; baseline 0.002 -23"><span class='ocrx_word' id='word_1_105' title='bbox 451 3209 609 3294; x_wconf 77' lang='lat' dir='ltr'><strong>ingenium</strong></span> <span class='ocrx_word' id='word_1_106' title='bbox 634 3231 690 3273; x_wconf 88' lang='lat' dir='ltr'><strong>neo</strong></span> <span class='ocrx_word' id='word_1_107' title='bbox 713 3209 815 3295; x_wconf 87' lang='lat' dir='ltr'><strong>vulpis</strong></span> <span class='ocrx_word' id='word_1_108' title='bbox 838 3210 948 3275; x_wconf 83' lang='lat' dir='ltr'><strong>ardens</strong></span> <span class='ocrx_word' id='word_1_109' title='bbox 972 3232 1029 3275; x_wconf 86' lang='lat' dir='ltr'><strong>noo</strong></span> <span class='ocrx_word' id='word_1_110' title='bbox 1051 3210 1167 3296; x_wconf 81' lang='lat' dir='ltr'><strong>grande</strong></span> <span class='ocrx_word' id='word_1_111' title='bbox 1185 3212 1348 3277; x_wconf 78' lang='lat' dir='ltr'><strong>frementes</strong></span> <span class='ocrx_word' id='word_1_112' title='bbox 1364 3212 1467 3277; x_wconf 87' lang='lat' dir='ltr'><strong>leones</strong></span> 
     </span>
     <span class='ocr_line' id='line_1_18' title="bbox 452 3330 647 3393; baseline -0.015 0"><span class='ocrx_word' id='word_1_113' title='bbox 452 3330 647 3393; x_wconf 75' lang='lat' dir='ltr'><strong>mutaverint.</strong></span> 
     </span>
    </p>
   </div>
   <div class='ocr_carea' id='block_1_5' title="bbox 867 3561 1058 3575">
    <p class='ocr_par' dir='ltr' id='par_1_7' title="bbox 867 3561 1058 3575">
     <span class='ocr_line' id='line_1_19' title="bbox 867 3561 1058 3575; baseline 0.016 -5"><span class='ocrx_word' id='word_1_114' title='bbox 867 3561 1058 3575; x_wconf 40' lang='lat'><strong>*⁸-</strong></span> 
     </span>
    </p>
   </div>
   <div class='ocr_carea' id='block_1_6' title="bbox 780 3742 1152 4030">
    <p class='ocr_par' dir='ltr' id='par_1_8' title="bbox 780 3742 1152 4030">
     <span class='ocr_line' id='line_1_20' title="bbox 811 3742 1115 3809; baseline 0.007 -2"><span class='ocrx_word' id='word_1_115' title='bbox 811 3742 1007 3809; x_wconf 82' lang='lat' dir='ltr'><strong>OLYMPm</strong></span> <span class='ocrx_word' id='word_1_116' title='bbox 1039 3745 1115 3809; x_wconf 85' lang='lat' dir='ltr'><strong>XII.</strong></span> 
     </span>
     <span class='ocr_line' id='line_1_21' title="bbox 780 3972 1152 4030; baseline -0.003 -15"><span class='ocrx_word' id='word_1_117' title='bbox 780 3972 933 4017; x_wconf 82' lang='lat' dir='ltr'><strong>aeooram</strong></span> <span class='ocrx_word' id='word_1_118' title='bbox 960 3972 1152 4030; x_wconf 71' lang='lat' dir='ltr'><strong>ursanensi,</strong></span> 
     </span>
    </p>
   </div>
   <div class='ocr_carea' id='block_1_7' title="bbox 896 4162 1025 4225">
    <p class='ocr_par' dir='ltr' id='par_1_9' title="bbox 896 4162 1025 4225">
     <span class='ocr_line' id='line_1_22' title="bbox 896 4162 1025 4225; baseline 0.008 -2"><span class='ocrx_word' id='word_1_119' title='bbox 896 4162 1025 4225; x_wconf 71' lang='lat' dir='ltr'><strong>Cursori.</strong></span> 
     </span>
    </p>
   </div>
   <div class='ocr_carea' id='block_1_8' title="bbox 451 4363 1467 4576">
    <p class='ocr_par' dir='ltr' id='par_1_10' title="bbox 451 4363 1467 4576">
     <span class='ocr_line' id='line_1_23' title="bbox 496 4363 1467 4455; baseline 0.011 -31"><span class='ocrx_word' id='word_1_120' title='bbox 496 4363 643 4448; x_wconf 87' lang='lat' dir='ltr'><strong>Supplico</strong></span> <span class='ocrx_word' id='word_1_121' title='bbox 659 4364 746 4443; x_wconf 76' lang='lat' dir='ltr'><strong>l&#39;ibi,</strong></span> <span class='ocrx_word' id='word_1_122' title='bbox 768 4374 841 4429; x_wconf 86' lang='lat' dir='ltr'><strong>nata</strong></span> <span class='ocrx_word' id='word_1_123' title='bbox 855 4368 931 4433; x_wconf 85' lang='lat' dir='ltr'><strong>Jove</strong></span> <span class='ocrx_word' id='word_1_124' title='bbox 948 4369 1099 4434; x_wconf 78' lang='lat' dir='ltr'><strong>libertatis</strong></span> <span class='ocrx_word' id='word_1_125' title='bbox 1115 4371 1271 4455; x_wconf 81' lang='lat' dir='ltr'><strong>praeside,</strong></span> <span class='ocrx_word' id='word_1_126' title='bbox 1288 4371 1326 4436; x_wconf 89' lang='lat' dir='ltr'><strong>de</strong></span> <span class='ocrx_word' id='word_1_127' title='bbox 1342 4372 1467 4437; x_wconf 85' lang='lat' dir='ltr'><strong>civitate</strong></span> 
     </span>
     <span class='ocr_line' id='line_1_24' title="bbox 451 4478 1465 4576; baseline 0.017 -34"><span class='ocrx_word' id='word_1_128' title='bbox 451 4480 520 4544; x_wconf 83' lang='lat' dir='ltr'><strong>forti</strong></span> <span class='ocrx_word' id='word_1_129' title='bbox 557 4478 704 4560; x_wconf 87' lang='lat' dir='ltr'><strong>Himera,</strong></span> <span class='ocrx_word' id='word_1_130' title='bbox 740 4484 879 4551; x_wconf 80' lang='lat' dir='ltr'><strong>Fortuna</strong></span> <span class='ocrx_word' id='word_1_131' title='bbox 914 4488 1046 4575; x_wconf 86' lang='lat' dir='ltr'><strong>Sospita.</strong></span> <span class='ocrx_word' id='word_1_132' title='bbox 1102 4492 1129 4553; x_wconf 82' lang='lat' dir='ltr'>A</span> <span class='ocrx_word' id='word_1_133' title='bbox 1164 4489 1207 4553; x_wconf 81' lang='lat' dir='ltr'><strong>&#39;Pe</strong></span> <span class='ocrx_word' id='word_1_134' title='bbox 1242 4492 1354 4576; x_wconf 91' lang='lat' dir='ltr'><strong>quippe</strong></span> <span class='ocrx_word' id='word_1_135' title='bbox 1389 4492 1465 4559; x_wconf 83' lang='lat' dir='ltr'><strong>mari</strong></span> 
     </span>
    </p>
   </div>
   <div class='ocr_carea' id='block_1_9' title="bbox 0 0 1868 5542">
    <p class='ocr_par' dir='ltr' id='par_1_11' title="bbox 0 0 1868 5542">
     <span class='ocr_line' id='line_1_25' title="bbox 0 0 1868 5542; baseline 0 0"><span class='ocrx_word' id='word_1_136' title='bbox 0 0 1868 5542; x_wconf 95' lang='lat' dir='ltr'><strong> </strong></span> 
     </span>
    </p>
   </div>
  </div>
 </body>
</html>
