<?xml version="1.0" encoding="UTF-8"?>
<!DOCTYPE html PUBLIC "-//W3C//DTD XHTML 1.0 Transitional//EN"
    "http://www.w3.org/TR/xhtml1/DTD/xhtml1-transitional.dtd">
<html xmlns="http://www.w3.org/1999/xhtml" xml:lang="en" lang="en">
 <head>
  <title>
</title>
<meta http-equiv="Content-Type" content="text/html;charset=utf-8" />
  <meta name='ocr-system' content='tesseract 3.04.00' />
  <meta name='ocr-capabilities' content='ocr_page ocr_carea ocr_par ocr_line ocrx_word'/>
</head>
<body>
  <div class='ocr_page' id='page_1' title='image "./pindaricarminao01pindgoog_0558.png"; bbox 0 0 3725 5542; ppageno 0'>
   <div class='ocr_carea' id='block_1_1' title="bbox 1037 696 1102 756">
    <p class='ocr_par' dir='ltr' id='par_1_1' title="bbox 1037 696 1102 756">
     <span class='ocr_line' id='line_1_1' title="bbox 1037 696 1102 756; baseline 0.015 -1"><span class='ocrx_word' id='word_1_1' title='bbox 1037 696 1102 756; x_wconf 83' lang='grc'><strong>544</strong></span> 
     </span>
    </p>
   </div>
   <div class='ocr_carea' id='block_1_2' title="bbox 553 890 1570 4477">
    <p class='ocr_par' dir='ltr' id='par_1_2' title="bbox 560 890 1570 1327">
     <span class='ocr_line' id='line_1_2' title="bbox 562 890 1570 977; baseline 0.002 -22"><span class='ocrx_word' id='word_1_2' title='bbox 562 892 702 956; x_wconf 83' lang='lat' dir='ltr'><strong>maximis</strong></span> <span class='ocrx_word' id='word_1_3' title='bbox 733 890 880 955; x_wconf 74' lang='lat' dir='ltr'><strong>Graeciae</strong></span> <span class='ocrx_word' id='word_1_4' title='bbox 910 890 992 956; x_wconf 85' lang='lat' dir='ltr'><strong>ludis</strong></span> <span class='ocrx_word' id='word_1_5' title='bbox 1026 891 1170 957; x_wconf 84' lang='lat' dir='ltr'><strong>dicantur</strong></span> <span class='ocrx_word' id='word_1_6' title='bbox 1191 892 1440 977; x_wconf 82' lang='lat' dir='ltr'><strong>longinquiorem</strong></span> <span class='ocrx_word' id='word_1_7' title='bbox 1463 892 1570 957; x_wconf 71' lang='lat' dir='ltr'><strong>bebere</strong></span> 
     </span>
     <span class='ocr_line' id='line_1_3' title="bbox 561 1008 1569 1093; baseline 0.001 -20"><span class='ocrx_word' id='word_1_8' title='bbox 561 1010 672 1073; x_wconf 81' lang='lat' dir='ltr'><strong>famam</strong></span> <span class='ocrx_word' id='word_1_9' title='bbox 688 1030 782 1093; x_wconf 85' lang='lat' dir='ltr'><strong>quarn</strong></span> <span class='ocrx_word' id='word_1_10' title='bbox 797 1009 965 1073; x_wconf 73' lang='lat' dir='ltr'><strong>domestica</strong></span> <span class='ocrx_word' id='word_1_11' title='bbox 980 1010 1105 1093; x_wconf 79' lang='lat' dir='ltr'><strong>suisque</strong></span> <span class='ocrx_word' id='word_1_12' title='bbox 1122 1009 1235 1073; x_wconf 83' lang='lat' dir='ltr'><strong>linibua</strong></span> <span class='ocrx_word' id='word_1_13' title='bbox 1250 1011 1414 1075; x_wconf 83' lang='lat' dir='ltr'><strong>terminata</strong></span> <span class='ocrx_word' id='word_1_14' title='bbox 1425 1008 1569 1075; x_wconf 77' lang='lat' dir='ltr'><strong>Hellotia</strong></span> 
     </span>
     <span class='ocr_line' id='line_1_4' title="bbox 561 1123 1569 1210; baseline 0.004 -21"><span class='ocrx_word' id='word_1_15' title='bbox 561 1126 673 1190; x_wconf 74' lang='lat' dir='ltr'><strong>Futuri</strong></span> <span class='ocrx_word' id='word_1_16' title='bbox 699 1126 797 1190; x_wconf 75' lang='lat' dir='ltr'><strong>forme</strong></span> <span class='ocrx_word' id='word_1_17' title='bbox 818 1123 940 1205; x_wconf 63' lang='lat' dir='ltr'><strong>iterra:</strong></span> <span class='ocrx_word' id='word_1_18' title='bbox 964 1134 1011 1189; x_wconf 84' lang='lat' dir='ltr'><strong>est</strong></span> <span class='ocrx_word' id='word_1_19' title='bbox 1033 1126 1267 1210; x_wconf 78' lang='lat' dir='ltr'><strong>significationis</strong></span> <span class='ocrx_word' id='word_1_20' title='bbox 1291 1127 1468 1191; x_wconf 82' lang='lat' dir='ltr'><strong>uniuersae:</strong></span> <span class='ocrx_word' id='word_1_21' title='bbox 1492 1130 1569 1193; x_wconf 78' lang='lat' dir='ltr'><strong>euni</strong></span> 
     </span>
     <span class='ocr_line' id='line_1_5' title="bbox 560 1242 1070 1327; baseline -0.002 -20"><span class='ocrx_word' id='word_1_22' title='bbox 560 1242 611 1307; x_wconf 87' lang='lat' dir='ltr'><strong>Ol.</strong></span> <span class='ocrx_word' id='word_1_23' title='bbox 635 1242 685 1306; x_wconf 86' lang='lat' dir='ltr'><strong>XI</strong></span> <span class='ocrx_word' id='word_1_24' title='bbox 712 1246 752 1307; x_wconf 84' lang='grc'><strong>14</strong></span> <span class='ocrx_word' id='word_1_25' title='bbox 772 1242 879 1327; x_wconf 78' lang='lat' dir='ltr'>ibique</span> <span class='ocrx_word' id='word_1_26' title='bbox 900 1242 1070 1307; x_wconf 81' lang='lat' dir='ltr'><strong>annotatio.</strong></span> 
     </span>
    </p>

    <p class='ocr_par' dir='ltr' id='par_1_3' title="bbox 560 1359 1569 1561">
     <span class='ocr_line' id='line_1_6' title="bbox 606 1359 1569 1446; baseline 0.003 -24"><span class='ocrx_word' id='word_1_27' title='bbox 606 1363 659 1424; x_wconf 95' lang='grc'><strong>61.</strong></span> <span class='ocrx_word' id='word_1_28' title='bbox 692 1360 897 1439; x_wconf 69' lang='grc' dir='ltr'><strong>ἀριστεύσατε.</strong></span> <span class='ocrx_word' id='word_1_29' title='bbox 932 1359 1107 1445; x_wconf 84' lang='lat' dir='ltr'><strong>Compellat</strong></span> <span class='ocrx_word' id='word_1_30' title='bbox 1140 1360 1340 1439; x_wconf 71' lang='lat' dir='ltr'><strong>Thessalum,</strong></span> <span class='ocrx_word' id='word_1_31' title='bbox 1373 1382 1487 1446; x_wconf 80' lang='lat' dir='ltr'><strong>eoaque</strong></span> <span class='ocrx_word' id='word_1_32' title='bbox 1519 1362 1569 1445; x_wconf 88' lang='lat' dir='ltr'><strong>qui</strong></span> 
     </span>
     <span class='ocr_line' id='line_1_7' title="bbox 560 1476 1116 1561; baseline 0 -20"><span class='ocrx_word' id='word_1_33' title='bbox 560 1485 714 1561; x_wconf 82' lang='lat' dir='ltr'><strong>praeterea</strong></span> <span class='ocrx_word' id='word_1_34' title='bbox 735 1476 827 1541; x_wconf 82' lang='lat' dir='ltr'><strong>modo</strong></span> <span class='ocrx_word' id='word_1_35' title='bbox 850 1478 1010 1541; x_wconf 84' lang='lat' dir='ltr'><strong>memorati</strong></span> <span class='ocrx_word' id='word_1_36' title='bbox 1033 1486 1116 1541; x_wconf 86' lang='lat' dir='ltr'><strong>sunt.</strong></span> 
     </span>
    </p>

    <p class='ocr_par' dir='ltr' id='par_1_4' title="bbox 557 1592 1570 2376">
     <span class='ocr_line' id='line_1_8' title="bbox 605 1592 1569 1673; baseline 0.004 -17"><span class='ocrx_word' id='word_1_37' title='bbox 605 1597 659 1657; x_wconf 80' lang='lat'><strong>62.</strong></span> <span class='ocrx_word' id='word_1_38' title='bbox 692 1594 825 1673; x_wconf 67' lang='grc' dir='ltr'><strong>δηρίομαι</strong></span> <span class='ocrx_word' id='word_1_39' title='bbox 850 1618 879 1660; x_wconf 79' lang='grc' dir='ltr'><strong>κ.</strong></span> <span class='ocrx_word' id='word_1_40' title='bbox 902 1617 940 1663; x_wconf 70' lang='grc' dir='ltr'><strong>τ.</strong></span> <span class='ocrx_word' id='word_1_41' title='bbox 956 1608 985 1659; x_wconf 66' lang='lat' dir='ltr'><strong>t</strong></span> <span class='ocrx_word' id='word_1_42' title='bbox 1020 1592 1101 1660; x_wconf 87' lang='lat' dir='ltr'><strong>Cum</strong></span> <span class='ocrx_word' id='word_1_43' title='bbox 1124 1594 1231 1659; x_wconf 85' lang='lat' dir='ltr'><strong>multis</strong></span> <span class='ocrx_word' id='word_1_44' title='bbox 1254 1594 1439 1661; x_wconf 81' lang='lat' dir='ltr'><strong>oontendere</strong></span> <span class='ocrx_word' id='word_1_45' title='bbox 1462 1596 1569 1673; x_wconf 77' lang='lat' dir='ltr'><strong>rolin,</strong></span> 
     </span>
     <span class='ocr_line' id='line_1_9' title="bbox 558 1709 1569 1797; baseline 0.001 -21"><span class='ocrx_word' id='word_1_46' title='bbox 558 1733 622 1777; x_wconf 92' lang='lat' dir='ltr'><strong>non</strong></span> <span class='ocrx_word' id='word_1_47' title='bbox 638 1711 869 1797; x_wconf 79' lang='lat' dir='ltr'><strong>superabuntur</strong></span> <span class='ocrx_word' id='word_1_48' title='bbox 882 1709 916 1774; x_wconf 87' lang='lat' dir='ltr'><strong>hi</strong></span> <span class='ocrx_word' id='word_1_49' title='bbox 932 1733 951 1774; x_wconf 87' lang='lat' dir='ltr'><strong>a</strong></span> <span class='ocrx_word' id='word_1_50' title='bbox 965 1710 1071 1775; x_wconf 86' lang='lat' dir='ltr'><strong>multis</strong></span> <span class='ocrx_word' id='word_1_51' title='bbox 1083 1710 1281 1777; x_wconf 76' lang='lat' dir='ltr'><strong>victoriarum</strong></span> <span class='ocrx_word' id='word_1_52' title='bbox 1292 1732 1431 1777; x_wconf 82' lang='lat' dir='ltr'><strong>nurnero.</strong></span> <span class='ocrx_word' id='word_1_53' title='bbox 1458 1712 1569 1777; x_wconf 81' lang='lat' dir='ltr'><strong>Verum</strong></span> 
     </span>
     <span class='ocr_line' id='line_1_10' title="bbox 558 1825 1568 1912; baseline 0 -21"><span class='ocrx_word' id='word_1_54' title='bbox 558 1837 595 1892; x_wconf 84' lang='lat' dir='ltr'><strong>ut</strong></span> <span class='ocrx_word' id='word_1_55' title='bbox 616 1835 758 1891; x_wconf 86' lang='lat' dir='ltr'><strong>aoourato</strong></span> <span class='ocrx_word' id='word_1_56' title='bbox 780 1846 944 1890; x_wconf 86' lang='lat' dir='ltr'><strong>numerum</strong></span> <span class='ocrx_word' id='word_1_57' title='bbox 969 1847 1040 1889; x_wconf 89' lang='lat' dir='ltr'><strong>eum</strong></span> <span class='ocrx_word' id='word_1_58' title='bbox 1061 1825 1180 1904; x_wconf 82' lang='lat' dir='ltr'><strong>diuam,</strong></span> <span class='ocrx_word' id='word_1_59' title='bbox 1204 1826 1237 1890; x_wconf 93' lang='lat' dir='ltr'><strong>id</strong></span> <span class='ocrx_word' id='word_1_60' title='bbox 1256 1826 1355 1891; x_wconf 86' lang='lat' dir='ltr'><strong>laeere</strong></span> <span class='ocrx_word' id='word_1_61' title='bbox 1370 1850 1433 1893; x_wconf 91' lang='lat' dir='ltr'><strong>nou</strong></span> <span class='ocrx_word' id='word_1_62' title='bbox 1449 1834 1568 1912; x_wconf 85' lang='lat' dir='ltr'><strong>potero,</strong></span> 
     </span>
     <span class='ocr_line' id='line_1_11' title="bbox 557 1941 1568 2029; baseline -0.003 -21"><span class='ocrx_word' id='word_1_63' title='bbox 557 1942 713 2029; x_wconf 87' lang='lat' dir='ltr'><strong>quomodo</strong></span> <span class='ocrx_word' id='word_1_64' title='bbox 742 1942 933 2007; x_wconf 80' lang='lat' dir='ltr'><strong>calculorum</strong></span> <span class='ocrx_word' id='word_1_65' title='bbox 956 1941 995 2005; x_wconf 73' lang='lat' dir='ltr'><strong>ed</strong></span> <span class='ocrx_word' id='word_1_66' title='bbox 1018 1964 1101 2007; x_wconf 85' lang='lat' dir='ltr'><strong>mare</strong></span> <span class='ocrx_word' id='word_1_67' title='bbox 1123 1964 1288 2007; x_wconf 87' lang='lat' dir='ltr'><strong>numerum</strong></span> <span class='ocrx_word' id='word_1_68' title='bbox 1311 1965 1373 2007; x_wconf 89' lang='lat' dir='ltr'><strong>nou</strong></span> <span class='ocrx_word' id='word_1_69' title='bbox 1396 1943 1568 2009; x_wconf 78' lang='lat' dir='ltr'><strong>definirem.</strong></span> 
     </span>
     <span class='ocr_line' id='line_1_12' title="bbox 558 2057 1568 2145; baseline 0 -22"><span class='ocrx_word' id='word_1_70' title='bbox 558 2060 600 2124; x_wconf 85' lang='lat' dir='ltr'><strong>llt</strong></span> <span class='ocrx_word' id='word_1_71' title='bbox 622 2060 788 2125; x_wconf 73' lang='lat' dir='ltr'><strong>subsistam</strong></span> <span class='ocrx_word' id='word_1_72' title='bbox 809 2060 842 2123; x_wconf 91' lang='lat' dir='ltr'><strong>in</strong></span> <span class='ocrx_word' id='word_1_73' title='bbox 866 2059 905 2123; x_wconf 87' lang='lat' dir='ltr'><strong>iis</strong></span> <span class='ocrx_word' id='word_1_74' title='bbox 927 2057 1073 2123; x_wconf 83' lang='lat' dir='ltr'><strong>laudibus</strong></span> <span class='ocrx_word' id='word_1_75' title='bbox 1093 2058 1299 2123; x_wconf 74' lang='lat' dir='ltr'><strong>celebrandis:</strong></span> <span class='ocrx_word' id='word_1_76' title='bbox 1316 2069 1363 2124; x_wconf 87' lang='lat' dir='ltr'><strong>eat</strong></span> <span class='ocrx_word' id='word_1_77' title='bbox 1377 2061 1514 2145; x_wconf 72' lang='lat' dir='ltr'><strong>cujusvis</strong></span> <span class='ocrx_word' id='word_1_78' title='bbox 1529 2060 1568 2123; x_wconf 88' lang='lat' dir='ltr'><strong>rei</strong></span> 
     </span>
     <span class='ocr_line' id='line_1_13' title="bbox 558 2175 1570 2261; baseline -0.002 -20"><span class='ocrx_word' id='word_1_79' title='bbox 558 2175 725 2260; x_wconf 80' lang='lat' dir='ltr'><strong>aliqnando</strong></span> <span class='ocrx_word' id='word_1_80' title='bbox 748 2175 875 2241; x_wconf 87' lang='lat' dir='ltr'><strong>rnodus:</strong></span> <span class='ocrx_word' id='word_1_81' title='bbox 899 2196 990 2259; x_wconf 87' lang='lat' dir='ltr'><strong>quem</strong></span> <span class='ocrx_word' id='word_1_82' title='bbox 1015 2176 1110 2253; x_wconf 69' lang='lat' dir='ltr'><strong>sobe,</strong></span> <span class='ocrx_word' id='word_1_83' title='bbox 1135 2175 1167 2239; x_wconf 93' lang='lat' dir='ltr'><strong>id</strong></span> <span class='ocrx_word' id='word_1_84' title='bbox 1191 2184 1238 2239; x_wconf 86' lang='lat' dir='ltr'><strong>est</strong></span> <span class='ocrx_word' id='word_1_85' title='bbox 1259 2176 1406 2261; x_wconf 80' lang='lat' dir='ltr'><strong>optimam</strong></span> <span class='ocrx_word' id='word_1_86' title='bbox 1427 2186 1570 2261; x_wconf 79' lang='lat' dir='ltr'><strong>opportu</strong></span> 
     </span>
     <span class='ocr_line' id='line_1_14' title="bbox 557 2293 807 2376; baseline -0.008 -19"><span class='ocrx_word' id='word_1_87' title='bbox 557 2295 687 2357; x_wconf 84' lang='lat' dir='ltr'><strong>nitatem</strong></span> <span class='ocrx_word' id='word_1_88' title='bbox 709 2293 807 2376; x_wconf 84' lang='lat' dir='ltr'><strong>sequi.</strong></span> 
     </span>
    </p>

    <p class='ocr_par' dir='ltr' id='par_1_5' title="bbox 603 2408 1463 2476">
     <span class='ocr_line' id='line_1_15' title="bbox 603 2408 1463 2476; baseline 0.002 -4"><span class='ocrx_word' id='word_1_89' title='bbox 603 2413 658 2476; x_wconf 84' lang='grc'><strong>67.</strong></span> <span class='ocrx_word' id='word_1_90' title='bbox 691 2408 806 2475; x_wconf 62' lang='lat' dir='ltr'><strong>iteum.</strong></span> <span class='ocrx_word' id='word_1_91' title='bbox 841 2408 1034 2473; x_wconf 81' lang='lat' dir='ltr'><strong>Conveniens</strong></span> <span class='ocrx_word' id='word_1_92' title='bbox 1059 2418 1115 2473; x_wconf 85' lang='lat' dir='ltr'><strong>eat.</strong></span> <span class='ocrx_word' id='word_1_93' title='bbox 1161 2408 1463 2475; x_wconf 76' lang='lat' dir='ltr'><strong>conf.01.1189.</strong></span> 
     </span>
    </p>

    <p class='ocr_par' dir='ltr' id='par_1_6' title="bbox 603 2525 1353 2611">
     <span class='ocr_line' id='line_1_16' title="bbox 603 2525 1353 2611; baseline -0.001 -21"><span class='ocrx_word' id='word_1_94' title='bbox 603 2531 656 2591; x_wconf 80' lang='lat' dir='ltr'><strong>ot.</strong></span> <span class='ocrx_word' id='word_1_95' title='bbox 693 2527 826 2599; x_wconf 72' lang='grc' dir='ltr'><strong>σταλείς.</strong></span> <span class='ocrx_word' id='word_1_96' title='bbox 861 2525 1047 2590; x_wconf 76' lang='lat' dir='ltr'><strong>Adveniens.</strong></span> <span class='ocrx_word' id='word_1_97' title='bbox 1093 2525 1188 2611; x_wconf 82' lang='lat' dir='ltr'><strong>Soph.</strong></span> <span class='ocrx_word' id='word_1_98' title='bbox 1213 2528 1263 2611; x_wconf 79' lang='lat' dir='ltr'><strong>aj.</strong></span> <span class='ocrx_word' id='word_1_99' title='bbox 1287 2528 1353 2590; x_wconf 78' lang='lat'><strong>828</strong></span> 
     </span>
    </p>

    <p class='ocr_par' dir='ltr' id='par_1_7' title="bbox 557 2640 1291 2845">
     <span class='ocr_line' id='line_1_17' title="bbox 827 2640 1291 2723; baseline 0 -16"><span class='ocrx_word' id='word_1_100' title='bbox 827 2644 936 2707; x_wconf 78' lang='grc' dir='ltr'><strong><em>τούτων</em></strong></span> <span class='ocrx_word' id='word_1_101' title='bbox 957 2642 1018 2723; x_wconf 73' lang='grc' dir='ltr'><strong>γὰρ</strong></span> <span class='ocrx_word' id='word_1_102' title='bbox 1040 2640 1130 2707; x_wconf 62' lang='lat' dir='ltr'><strong>:tud</strong></span> <span class='ocrx_word' id='word_1_103' title='bbox 1152 2642 1291 2718; x_wconf 68' lang='grc' dir='ltr'><strong>ἐστάλην.</strong></span> 
     </span>
     <span class='ocr_line' id='line_1_18' title="bbox 557 2756 1260 2845; baseline 0 -20"><span class='ocrx_word' id='word_1_104' title='bbox 557 2761 668 2845; x_wconf 75' lang='lat' dir='ltr'><strong>Eurip.</strong></span> <span class='ocrx_word' id='word_1_105' title='bbox 690 2759 788 2823; x_wconf 78' lang='lat' dir='ltr'><strong>Andr.</strong></span> <span class='ocrx_word' id='word_1_106' title='bbox 812 2761 877 2822; x_wconf 76' lang='lat'><strong>251</strong></span> <span class='ocrx_word' id='word_1_107' title='bbox 901 2756 989 2839; x_wconf 75' lang='grc' dir='ltr'><strong><em>οὗπερ</em></strong></span> <span class='ocrx_word' id='word_1_108' title='bbox 1011 2757 1100 2823; x_wconf 74' lang='grc' dir='ltr'>οὕνεκ’</span> <span class='ocrx_word' id='word_1_109' title='bbox 1122 2758 1260 2834; x_wconf 69' lang='grc' dir='ltr'><strong>ἐστάλην.</strong></span> 
     </span>
    </p>

    <p class='ocr_par' dir='ltr' id='par_1_8' title="bbox 553 2874 1569 4477">
     <span class='ocr_line' id='line_1_19' title="bbox 603 2874 1568 2957; baseline 0.002 -18"><span class='ocrx_word' id='word_1_110' title='bbox 603 2880 656 2942; x_wconf 74' lang='lat' dir='ltr'><strong>ot.</strong></span> <span class='ocrx_word' id='word_1_111' title='bbox 690 2876 759 2948; x_wconf 72' lang='grc' dir='ltr'><strong><em>ἴδιος</em></strong></span> <span class='ocrx_word' id='word_1_112' title='bbox 781 2878 812 2941; x_wconf 75' lang='lat' dir='ltr'><strong>b</strong></span> <span class='ocrx_word' id='word_1_113' title='bbox 832 2879 923 2956; x_wconf 77' lang='grc' dir='ltr'><strong>κοινῷ.</strong></span> <span class='ocrx_word' id='word_1_114' title='bbox 958 2874 1130 2939; x_wconf 69' lang='lat' dir='ltr'><strong>Scholiasta</strong></span> <span class='ocrx_word' id='word_1_115' title='bbox 1152 2884 1256 2941; x_wconf 81' lang='lat' dir='ltr'><strong>retus:</strong></span> <span class='ocrx_word' id='word_1_116' title='bbox 1279 2878 1338 2956; x_wconf 76' lang='grc' dir='ltr'><strong>οὐχ</strong></span> <span class='ocrx_word' id='word_1_117' title='bbox 1358 2878 1396 2948; x_wconf 71' lang='grc' dir='ltr'><strong>ὥς</strong></span> <span class='ocrx_word' id='word_1_118' title='bbox 1418 2874 1568 2957; x_wconf 55' lang='lat' dir='ltr'><strong>duhest:</strong></span> 
     </span>
     <span class='ocr_line' id='line_1_20' title="bbox 556 2991 1568 3073; baseline 0 -14"><span class='ocrx_word' id='word_1_119' title='bbox 556 3020 601 3068; x_wconf 77' lang='grc' dir='ltr'><strong>τις</strong></span> <span class='ocrx_word' id='word_1_120' title='bbox 621 2993 694 3059; x_wconf 68' lang='grc' dir='ltr'><strong>ἀλλ’</strong></span> <span class='ocrx_word' id='word_1_121' title='bbox 716 2996 754 3065; x_wconf 74' lang='grc' dir='ltr'><strong>ὥς</strong></span> <span class='ocrx_word' id='word_1_122' title='bbox 775 2991 844 3065; x_wconf 70' lang='grc' dir='ltr'><strong><em>ἴδιος</em></strong></span> <span class='ocrx_word' id='word_1_123' title='bbox 866 2992 917 3057; x_wconf 72' lang='lat' dir='ltr'><strong>nal</strong></span> <span class='ocrx_word' id='word_1_124' title='bbox 940 2992 1027 3064; x_wconf 76' lang='grc' dir='ltr'><strong><em>κοινὸς</em></strong></span> <span class='ocrx_word' id='word_1_125' title='bbox 1049 2992 1079 3055; x_wconf 76' lang='grc' dir='ltr'><strong>ἓν</strong></span> <span class='ocrx_word' id='word_1_126' title='bbox 1102 2992 1183 3071; x_wconf 64' lang='lat' dir='ltr'><strong>dreis:</strong></span> <span class='ocrx_word' id='word_1_127' title='bbox 1201 2992 1337 3057; x_wconf 77' lang='lat' dir='ltr'><strong>etalter:</strong></span> <span class='ocrx_word' id='word_1_128' title='bbox 1352 2994 1568 3073; x_wconf 60' lang='lat' dir='ltr'><strong>oderimus&amp;</strong></span> 
     </span>
     <span class='ocr_line' id='line_1_21' title="bbox 555 3108 1567 3186; baseline -0.007 -9"><span class='ocrx_word' id='word_1_129' title='bbox 555 3135 603 3185; x_wconf 77' lang='grc' dir='ltr'><strong>τις</strong></span> <span class='ocrx_word' id='word_1_130' title='bbox 624 3113 696 3175; x_wconf 69' lang='grc' dir='ltr'><strong>ἀλλ’</strong></span> <span class='ocrx_word' id='word_1_131' title='bbox 718 3113 835 3185; x_wconf 76' lang='grc' dir='ltr'><strong>οἰκεῖος,</strong></span> <span class='ocrx_word' id='word_1_132' title='bbox 857 3112 909 3174; x_wconf 76' lang='grc' dir='ltr'><strong>οὐκ</strong></span> <span class='ocrx_word' id='word_1_133' title='bbox 929 3108 998 3181; x_wconf 71' lang='grc' dir='ltr'><strong><em>ἴδιος</em></strong></span> <span class='ocrx_word' id='word_1_134' title='bbox 1021 3110 1050 3173; x_wconf 77' lang='grc' dir='ltr'><strong>δὲ</strong></span> <span class='ocrx_word' id='word_1_135' title='bbox 1073 3110 1155 3175; x_wconf 67' lang='grc' dir='ltr'><strong>κατὰ</strong></span> <span class='ocrx_word' id='word_1_136' title='bbox 1177 3110 1269 3186; x_wconf 72' lang='grc' dir='ltr'><strong>γένος.</strong></span> <span class='ocrx_word' id='word_1_137' title='bbox 1315 3108 1456 3175; x_wconf 69' lang='lat' dir='ltr'><strong>Fortasse</strong></span> <span class='ocrx_word' id='word_1_138' title='bbox 1475 3108 1567 3175; x_wconf 89' lang='lat' dir='ltr'><strong>bene:</strong></span> 
     </span>
     <span class='ocr_line' id='line_1_22' title="bbox 555 3222 1569 3308; baseline 0 -21"><span class='ocrx_word' id='word_1_139' title='bbox 555 3222 701 3289; x_wconf 81' lang='lat' dir='ltr'><strong>Corinthi</strong></span> <span class='ocrx_word' id='word_1_140' title='bbox 730 3222 837 3287; x_wconf 82' lang='lat' dir='ltr'><strong>landes</strong></span> <span class='ocrx_word' id='word_1_141' title='bbox 865 3223 910 3286; x_wconf 76' lang='lat' dir='ltr'><strong>ite</strong></span> <span class='ocrx_word' id='word_1_142' title='bbox 936 3244 1058 3299; x_wconf 80' lang='lat' dir='ltr'><strong>amana,</strong></span> <span class='ocrx_word' id='word_1_143' title='bbox 1083 3230 1119 3286; x_wconf 91' lang='lat' dir='ltr'><strong>ut</strong></span> <span class='ocrx_word' id='word_1_144' title='bbox 1141 3244 1191 3287; x_wconf 80' lang='lat' dir='ltr'><strong>aas</strong></span> <span class='ocrx_word' id='word_1_145' title='bbox 1214 3223 1253 3287; x_wconf 74' lang='lat' dir='ltr'><strong>ed</strong></span> <span class='ocrx_word' id='word_1_146' title='bbox 1276 3246 1309 3287; x_wconf 91' lang='lat' dir='ltr'><strong>se</strong></span> <span class='ocrx_word' id='word_1_147' title='bbox 1330 3244 1455 3308; x_wconf 90' lang='lat' dir='ltr'><strong>quoque</strong></span> <span class='ocrx_word' id='word_1_148' title='bbox 1478 3224 1569 3308; x_wconf 85' lang='lat' dir='ltr'><strong>perli-</strong></span> 
     </span>
     <span class='ocr_line' id='line_1_23' title="bbox 555 3339 1567 3426; baseline 0.002 -21"><span class='ocrx_word' id='word_1_149' title='bbox 555 3363 628 3405; x_wconf 86' lang='lat' dir='ltr'><strong>uere</strong></span> <span class='ocrx_word' id='word_1_150' title='bbox 650 3340 814 3405; x_wconf 83' lang='lat' dir='ltr'><strong>existimet.</strong></span> <span class='ocrx_word' id='word_1_151' title='bbox 850 3339 964 3404; x_wconf 79' lang='lat' dir='ltr'><strong>Adbuc</strong></span> <span class='ocrx_word' id='word_1_152' title='bbox 987 3350 1089 3405; x_wconf 84' lang='lat' dir='ltr'><strong>tamen</strong></span> <span class='ocrx_word' id='word_1_153' title='bbox 1113 3340 1204 3405; x_wconf 87' lang='lat' dir='ltr'><strong>oredo</strong></span> <span class='ocrx_word' id='word_1_154' title='bbox 1227 3340 1353 3405; x_wconf 79' lang='lat' dir='ltr'><strong>Poetenn</strong></span> <span class='ocrx_word' id='word_1_155' title='bbox 1378 3342 1567 3426; x_wconf 72' lang='lat' dir='ltr'><strong>siguificare.</strong></span> 
     </span>
     <span class='ocr_line' id='line_1_24' title="bbox 555 3457 1567 3523; baseline -0.002 0"><span class='ocrx_word' id='word_1_156' title='bbox 555 3480 589 3523; x_wconf 89' lang='lat' dir='ltr'><strong>se</strong></span> <span class='ocrx_word' id='word_1_157' title='bbox 610 3457 771 3522; x_wconf 80' lang='lat' dir='ltr'><strong>voluntate</strong></span> <span class='ocrx_word' id='word_1_158' title='bbox 793 3480 851 3521; x_wconf 86' lang='lat' dir='ltr'><strong>sua</strong></span> <span class='ocrx_word' id='word_1_159' title='bbox 871 3465 904 3521; x_wconf 90' lang='lat' dir='ltr'><strong>et</strong></span> <span class='ocrx_word' id='word_1_160' title='bbox 924 3466 1022 3522; x_wconf 86' lang='lat' dir='ltr'><strong>marte</strong></span> <span class='ocrx_word' id='word_1_161' title='bbox 1040 3479 1098 3521; x_wconf 90' lang='lat' dir='ltr'><strong>suo</strong></span> <span class='ocrx_word' id='word_1_162' title='bbox 1113 3457 1256 3523; x_wconf 81' lang='lat' dir='ltr'><strong>advenire</strong></span> <span class='ocrx_word' id='word_1_163' title='bbox 1271 3466 1303 3522; x_wconf 87' lang='lat' dir='ltr'><strong>et</strong></span> <span class='ocrx_word' id='word_1_164' title='bbox 1316 3459 1349 3523; x_wconf 91' lang='lat' dir='ltr'><strong>in</strong></span> <span class='ocrx_word' id='word_1_165' title='bbox 1365 3482 1396 3522; x_wconf 84' lang='lat' dir='ltr'><strong>re</strong></span> <span class='ocrx_word' id='word_1_166' title='bbox 1412 3460 1567 3523; x_wconf 81' lang='lat' dir='ltr'><strong>eommuni</strong></span> 
     </span>
     <span class='ocr_line' id='line_1_25' title="bbox 556 3574 1568 3660; baseline 0 -21"><span class='ocrx_word' id='word_1_167' title='bbox 556 3576 677 3640; x_wconf 78' lang='lat' dir='ltr'><strong>versari</strong></span> <span class='ocrx_word' id='word_1_168' title='bbox 712 3575 763 3641; x_wconf 85' lang='lat' dir='ltr'><strong>Ita</strong></span> <span class='ocrx_word' id='word_1_169' title='bbox 784 3575 861 3639; x_wconf 85' lang='lat' dir='ltr'><strong>bueo</strong></span> <span class='ocrx_word' id='word_1_170' title='bbox 882 3596 955 3638; x_wconf 88' lang='lat' dir='ltr'><strong>oum</strong></span> <span class='ocrx_word' id='word_1_171' title='bbox 976 3574 1175 3658; x_wconf 88' lang='lat' dir='ltr'><strong>sequentibus</strong></span> <span class='ocrx_word' id='word_1_172' title='bbox 1198 3575 1314 3659; x_wconf 80' lang='lat' dir='ltr'><strong>pariter</strong></span> <span class='ocrx_word' id='word_1_173' title='bbox 1336 3583 1367 3640; x_wconf 87' lang='lat' dir='ltr'><strong>et</strong></span> <span class='ocrx_word' id='word_1_174' title='bbox 1387 3575 1568 3660; x_wconf 81' lang='lat' dir='ltr'><strong>praeoeder-</strong></span> 
     </span>
     <span class='ocr_line' id='line_1_26' title="bbox 554 3690 1566 3776; baseline 0.001 -19"><span class='ocrx_word' id='word_1_175' title='bbox 554 3692 639 3759; x_wconf 82' lang='lat' dir='ltr'><strong>tibus</strong></span> <span class='ocrx_word' id='word_1_176' title='bbox 672 3692 847 3757; x_wconf 79' lang='lat' dir='ltr'><strong>cohaerent.</strong></span> <span class='ocrx_word' id='word_1_177' title='bbox 892 3690 1004 3755; x_wconf 80' lang='lat' dir='ltr'><strong>Studio</strong></span> <span class='ocrx_word' id='word_1_178' title='bbox 1036 3713 1092 3755; x_wconf 87' lang='lat' dir='ltr'><strong>suo</strong></span> <span class='ocrx_word' id='word_1_179' title='bbox 1122 3690 1295 3776; x_wconf 87' lang='lat' dir='ltr'><strong>obsequens</strong></span> <span class='ocrx_word' id='word_1_180' title='bbox 1322 3691 1430 3755; x_wconf 84' lang='lat' dir='ltr'><strong>laudes</strong></span> <span class='ocrx_word' id='word_1_181' title='bbox 1454 3692 1566 3757; x_wconf 86' lang='lat' dir='ltr'><strong>domus</strong></span> 
     </span>
     <span class='ocr_line' id='line_1_27' title="bbox 555 3808 1565 3893; baseline -0.001 -19"><span class='ocrx_word' id='word_1_182' title='bbox 555 3810 679 3874; x_wconf 82' lang='lat' dir='ltr'><strong>victuris</strong></span> <span class='ocrx_word' id='word_1_183' title='bbox 700 3808 904 3893; x_wconf 70' lang='lat' dir='ltr'><strong>praedicent:</strong></span> <span class='ocrx_word' id='word_1_184' title='bbox 927 3829 985 3875; x_wconf 80' lang='lat' dir='ltr'><strong>suo</strong></span> <span class='ocrx_word' id='word_1_185' title='bbox 1008 3808 1132 3892; x_wconf 79' lang='lat' dir='ltr'><strong>iugenio</strong></span> <span class='ocrx_word' id='word_1_186' title='bbox 1155 3808 1281 3872; x_wconf 87' lang='lat' dir='ltr'><strong>modum</strong></span> <span class='ocrx_word' id='word_1_187' title='bbox 1301 3808 1565 3893; x_wconf 75' lang='lat' dir='ltr'><strong>elpraedioationi</strong></span> 
     </span>
     <span class='ocr_line' id='line_1_28' title="bbox 554 3923 1566 4009; baseline 0 -18"><span class='ocrx_word' id='word_1_188' title='bbox 554 3926 683 3991; x_wconf 79' lang='lat' dir='ltr'><strong>statuit:</strong></span> <span class='ocrx_word' id='word_1_189' title='bbox 714 3947 785 3990; x_wconf 84' lang='lat' dir='ltr'><strong>nam</strong></span> <span class='ocrx_word' id='word_1_190' title='bbox 815 3925 911 3991; x_wconf 66' lang='lat' dir='ltr'><strong>Kenio</strong></span> <span class='ocrx_word' id='word_1_191' title='bbox 940 3923 1063 3989; x_wconf 80' lang='lat' dir='ltr'><strong>videtur</strong></span> <span class='ocrx_word' id='word_1_192' title='bbox 1092 3946 1159 3989; x_wconf 81' lang='lat' dir='ltr'><strong>esse.</strong></span> <span class='ocrx_word' id='word_1_193' title='bbox 1188 3924 1239 4001; x_wconf 92' lang='lat' dir='ltr'><strong>id,</strong></span> <span class='ocrx_word' id='word_1_194' title='bbox 1272 3924 1355 4009; x_wconf 92' lang='lat' dir='ltr'><strong>quod</strong></span> <span class='ocrx_word' id='word_1_195' title='bbox 1385 3926 1427 3989; x_wconf 84' lang='lat' dir='ltr'><strong>sit</strong></span> <span class='ocrx_word' id='word_1_196' title='bbox 1458 3927 1566 3991; x_wconf 85' lang='lat' dir='ltr'><strong>vietori</strong></span> 
     </span>
     <span class='ocr_line' id='line_1_29' title="bbox 554 4040 1567 4129; baseline 0 -22"><span class='ocrx_word' id='word_1_197' title='bbox 554 4044 683 4129; x_wconf 81' lang='lat' dir='ltr'><strong>ejusque</strong></span> <span class='ocrx_word' id='word_1_198' title='bbox 713 4042 830 4127; x_wconf 85' lang='lat' dir='ltr'><strong>patriae</strong></span> <span class='ocrx_word' id='word_1_199' title='bbox 860 4062 1041 4107; x_wconf 83' lang='lat' dir='ltr'><strong>eommune:</strong></span> <span class='ocrx_word' id='word_1_200' title='bbox 1075 4040 1230 4125; x_wconf 86' lang='lat' dir='ltr'><strong>quomodo</strong></span> <span class='ocrx_word' id='word_1_201' title='bbox 1261 4040 1312 4107; x_wconf 93' lang='lat' dir='ltr'><strong>Ol.</strong></span> <span class='ocrx_word' id='word_1_202' title='bbox 1336 4040 1384 4105; x_wconf 85' lang='lat' dir='ltr'><strong>IX</strong></span> <span class='ocrx_word' id='word_1_203' title='bbox 1409 4045 1469 4107; x_wconf 81' lang='lat'><strong>15:</strong></span> <span class='ocrx_word' id='word_1_204' title='bbox 1492 4066 1567 4127; x_wconf 80' lang='lat' dir='ltr'><strong>qua·</strong></span> 
     </span>
     <span class='ocr_line' id='line_1_30' title="bbox 554 4158 1565 4245; baseline 0 -22"><span class='ocrx_word' id='word_1_205' title='bbox 554 4170 678 4245; x_wconf 83' lang='lat' dir='ltr'><strong>propter</strong></span> <span class='ocrx_word' id='word_1_206' title='bbox 708 4160 832 4225; x_wconf 79' lang='lat' dir='ltr'><strong>victoria</strong></span> <span class='ocrx_word' id='word_1_207' title='bbox 862 4160 990 4243; x_wconf 84' lang='lat' dir='ltr'><strong>ejusque</strong></span> <span class='ocrx_word' id='word_1_208' title='bbox 1012 4158 1123 4225; x_wconf 83' lang='lat' dir='ltr'><strong>domne</strong></span> <span class='ocrx_word' id='word_1_209' title='bbox 1142 4160 1207 4243; x_wconf 86' lang='lat' dir='ltr'><strong>jam</strong></span> <span class='ocrx_word' id='word_1_210' title='bbox 1230 4159 1323 4223; x_wconf 86' lang='lat' dir='ltr'><strong>lande</strong></span> <span class='ocrx_word' id='word_1_211' title='bbox 1346 4160 1503 4245; x_wconf 81' lang='lat' dir='ltr'><strong>proposita</strong></span> <span class='ocrx_word' id='word_1_212' title='bbox 1524 4158 1565 4223; x_wconf 89' lang='lat' dir='ltr'><strong>ad</strong></span> 
     </span>
     <span class='ocr_line' id='line_1_31' title="bbox 553 4275 1566 4361; baseline 0 -20"><span class='ocrx_word' id='word_1_213' title='bbox 553 4277 712 4361; x_wconf 86' lang='lat' dir='ltr'><strong>antiquam</strong></span> <span class='ocrx_word' id='word_1_214' title='bbox 736 4276 836 4361; x_wconf 78' lang='lat' dir='ltr'><strong>pergit</strong></span> <span class='ocrx_word' id='word_1_215' title='bbox 858 4276 991 4341; x_wconf 82' lang='lat' dir='ltr'><strong>civitatis</strong></span> <span class='ocrx_word' id='word_1_216' title='bbox 1014 4275 1161 4359; x_wconf 80' lang='lat' dir='ltr'><strong>gloriam:</strong></span> <span class='ocrx_word' id='word_1_217' title='bbox 1186 4284 1218 4339; x_wconf 91' lang='lat' dir='ltr'><strong>et</strong></span> <span class='ocrx_word' id='word_1_218' title='bbox 1236 4277 1301 4360; x_wconf 81' lang='lat' dir='ltr'><strong>janu</strong></span> <span class='ocrx_word' id='word_1_219' title='bbox 1315 4276 1405 4340; x_wconf 89' lang='lat' dir='ltr'><strong>initio</strong></span> <span class='ocrx_word' id='word_1_220' title='bbox 1421 4278 1566 4341; x_wconf 78' lang='lat' dir='ltr'><strong>earmiuis</strong></span> 
     </span>
     <span class='ocr_line' id='line_1_32' title="bbox 555 4390 1566 4477; baseline -0.001 -20"><span class='ocrx_word' id='word_1_221' title='bbox 555 4402 717 4477; x_wconf 83' lang='lat' dir='ltr'><strong>utramque</strong></span> <span class='ocrx_word' id='word_1_222' title='bbox 739 4392 909 4477; x_wconf 70' lang='lat' dir='ltr'><strong>oonjunxit</strong></span> <span class='ocrx_word' id='word_1_223' title='bbox 945 4390 1066 4456; x_wconf 82' lang='lat' dir='ltr'><strong>Dividit</strong></span> <span class='ocrx_word' id='word_1_224' title='bbox 1088 4400 1192 4455; x_wconf 84' lang='lat' dir='ltr'><strong>autem</strong></span> <span class='ocrx_word' id='word_1_225' title='bbox 1215 4391 1336 4457; x_wconf 81' lang='lat' dir='ltr'><strong>oonsilii</strong></span> <span class='ocrx_word' id='word_1_226' title='bbox 1357 4391 1512 4457; x_wconf 78' lang='lat' dir='ltr'><strong>solertiam</strong></span> <span class='ocrx_word' id='word_1_227' title='bbox 1536 4403 1566 4456; x_wconf 80' lang='lat' dir='ltr'><strong>et</strong></span> 
     </span>
    </p>
   </div>
   <div class='ocr_carea' id='block_1_3' title="bbox 0 0 1868 5542">
    <p class='ocr_par' dir='ltr' id='par_1_9' title="bbox 0 0 1868 5542">
     <span class='ocr_line' id='line_1_33' title="bbox 0 0 1868 5542; baseline 0 3"><span class='ocrx_word' id='word_1_228' title='bbox 0 0 1868 5542; x_wconf 95' lang='lat' dir='ltr'><strong> </strong></span> 
     </span>
    </p>
   </div>
  </div>
 </body>
</html>
