3725 5542
317 946 456 1008 carmine:
490 944 747 1021 „adolescentiam
776 943 864 1026 juvat
895 942 1024 1005 audacia
1056 940 1205 1004 bellorum
1237 940 1324 1003 vehe-

316 1063 474 1125 mentium:
507 1060 590 1125 unde
621 1061 690 1125 dico
713 1068 744 1123 te
768 1082 892 1143 quoqne
915 1060 1066 1123 infinitam
1091 1058 1219 1141 gloriam
1243 1058 1325 1121 inve·

315 1178 404 1255 nisse,
436 1188 467 1242 et
499 1180 531 1242 in
563 1177 719 1261 equitibus
753 1184 941 1261 pugnantem
972 1188 1002 1240 ct
1034 1176 1065 1239 in
1097 1174 1285 1260 peditibus.’'
1299 1174 1324 1256 ¹)

315 1294 457 1359 Vicerunt
479 1294 586 1359 eodem
609 1302 746 1379 tempore
769 1294 847 1358 Gelo
870 1302 901 1358 et
924 1294 1020 1357 Hiero
1037 1292 1319 1376 Carthaginienses,

315 1433 372 1494 qno
394 1412 598 1478 Athenienses
621 1410 660 1475 ad
684 1411 867 1476 Salaminem
893 1410 1010 1475 Persas.
1036 1410 1206 1494 Gonjunxit
1221 1418 1324 1473 autem

315 1551 360 1592 eas
381 1530 488 1594 laudes
514 1529 681 1593 Pindarus:
718 1528 921 1612 „Syracusius
946 1550 999 1591 rex
1011 1529 1171 1612 juventam
1188 1526 1325 1590 hostium

315 1670 330 1709 e
351 1647 497 1711 celeribus
520 1647 649 1711 navibus
670 1647 703 1710 iu
719 1668 801 1710 mare
816 1645 967 1728 conjecit,
985 1644 1147 1708 Helladem
1162 1642 1325 1707 extrahens

315 1786 329 1827 e
357 1764 439 1847 gravi
471 1764 626 1827 servitute.
675 1762 782 1827 Feram
810 1762 848 1827 de
871 1762 1025 1826 Salamine
1047 1768 1174 1848 propter
1197 1761 1325 1825 Atheni·

314 1903 393 1945 enses
415 1881 604 1958 mercedem,
629 1880 817 1965 Spartaeque
833 1880 966 1943 laudabo
983 1879 1132 1963 proelium
1148 1878 1187 1941 ad
1203 1878 1325 1942 Cithae

314 2020 428 2075 rouem,
455 1998 569 2081 quibus
594 1997 716 2081 proeliis
740 1997 825 2061 Medi
849 1997 969 2061 arciferi
992 1996 1112 2080 fatigati
1132 2004 1223 2072 sunt,
1240 1996 1324 2060 etad

313 2138 466 2180 amoenam
487 2114 585 2200 ripam
601 2114 745 2179 Himerae
760 2115 832 2179 filiis
848 2115 1030 2179 Dinomenis
1047 2116 1196 2198 hymnum
1212 2114 1326 2199 persol-

314 2255 392 2311 vam,
417 2256 510 2317 quem
534 2242 659 2318 propter
680 2233 826 2297 virtutem
846 2242 1047 2317 acceperunt,
1073 2233 1212 2297 hostibus
1229 2232 1324 2295 domi·

315 2334 416 2433 turn
464 2350 604 2436 Pupam
638 2351 775 2415 turon
806 2350 845 2415 ar
870 2352 1073 2415 nomnium
1096 2351 1224 2414 rocam:
1249 2350 1328 2428 „ubi

314 2469 365 2533 lilii
395 2468 632 2533 Atheniensium
662 2470 803 2552 jecerunt
835 2468 956 2533 illustre
979 2469 1217 2533 fundamentum
1240 2468 1328 2534 liber·

317 2585 452 2669 tatis.''³)

356 2702 493 2769 Omnino
516 2704 670 2768 cernimus
693 2702 861 2769 Pindarum
886 2705 1033 2769 Graeciae
1055 2704 1197 2769 libertate
1220 2712 1252 2767 ct
1270 2704 1329 2768 for-

315 2820 446 2885 titudine
470 2820 656 2885 delectatum
679 2822 784 2885 fnisse.
821 2820 863 2886 Et
881 2822 943 2887 tuit
957 2822 1093 2908 prolecto
1109 2822 1140 2885 iu
1157 2822 1212 2886 illo
1228 2822 1326 2899 bello,

314 2938 393 3021 quod
417 2937 563 3002 adversus
586 2937 695 3003 Persas
719 2938 829 3003 Graeci
852 2949 1031 3023 gesserunt,
1060 2939 1213 3004 sententia
1236 2939 1328 3004 Grae·

315 3077 414 3119 corum
448 3055 615 3139 ejusmodi,
649 3077 728 3139 qnae
758 3078 829 3121 cum
853 3058 1018 3121 certamine
1041 3056 1186 3142 Olympio
1209 3080 1329 3143 compa·

314 3174 405 3237 randa
428 3182 525 3237 esset:
550 3196 651 3257 neque
674 3174 756 3238 enim
779 3174 945 3238 Persarum
968 3174 1115 3239 ditionem
1141 3175 1188 3238 vel
1204 3176 1327 3239 divitias

315 3292 566 3377 concupiverant,
606 3291 661 3355 sed
700 3298 828 3356 conatus
860 3314 968 3356 eorum
998 3291 1147 3377 superbos
1176 3293 1328 3378 indignati

314 3418 398 3473 sunt:
424 3409 547 3492 fuitque
570 3431 632 3473 non
656 3410 695 3474 de
718 3411 849 3493 pecunia
872 3410 910 3475 iis
932 3411 985 3475 sed
1003 3411 1041 3475 de
1055 3411 1147 3475 laudo
1163 3420 1326 3477 certamen.

314 3524 473 3591 Victorum
504 3536 606 3591 autem
639 3528 789 3611 praemia,
823 3530 875 3611 qui
905 3528 1089 3592 Marathone
1111 3528 1220 3593 Persas
1243 3529 1328 3613 luga·

313 3654 400 3721 runt,
424 3666 529 3707 nonne
552 3650 582 3708 et
605 3646 791 3728 praestantia
807 3654 839 3708 et
854 3646 1052 3730 simplicitate
1067 3668 1139 3711 cum
1154 3646 1210 3710 illa
1225 3646 1328 3729 Olym·

315 3762 362 3845 pia
388 3762 488 3825 olivae
519 3783 631 3827 corona
662 3763 846 3828 conferenda
879 3765 972 3829 sunt?
1018 3765 1160 3829 Mortuos
1193 3787 1229 3828 eo
1260 3765 1327 3849 ipso

313 3878 394 3958 loco,
427 3900 491 3963 qno
522 3879 713 3957 ceciderant,
739 3880 925 3958 humarunt,
952 3882 1034 3946 hunc
1058 3882 1209 3966 insignem
1234 3882 1328 3945 hono

313 4018 372 4061 rem
402 3997 442 4061 iis
473 3996 634 4060 convenire
661 3996 855 4081 judicantes:
889 3997 1041 4062 Miltiadis
1068 4022 1139 4063 vero
1163 4000 1326 4084 imaginem

313 4112 438 4195 primam
462 4112 496 4176 in
516 4112 624 4197 proelii
639 4112 844 4197 descriptione
861 4123 1040 4198 posuerunt.
1078 4116 1282 4192 Plutarchus,
1300 4117 1327 4179 si

318 4308 502 4321 *-

344 4430 367 4490 1)
389 4431 425 4479 Vr.
444 4426 501 4479 117.
603 4430 626 4490 2)
644 4429 685 4495 ry.
702 4431 724 4478 1.
744 4430 800 4479 lat.

347 4524 372 4586 t)
390 4524 484 4589 naqa.
501 4524 581 4589 Heyn.
599 4524 647 4576 luc.
666 4524 720 4587 XL,
738 4524 843 4575 Boechh.
865 4528 913 4577 lnc.
931 4528 972 4575 98.
