3725 5542
996 717 1037 776 20

508 926 750 983 remunerentur.
766 918 790 1001 ¹)
836 916 938 1001 Igitur
968 926 998 980 et
1026 916 1117 980 Ixion
1142 926 1172 981 et
1194 916 1344 1023 Tantalus
1367 927 1527 1003 tantopere

509 1059 526 1100 a
557 1035 625 1099 Diis
656 1036 797 1099 honorati
829 1044 920 1112 sunt,
954 1049 990 1098 ut
1021 1036 1167 1099 interesse
1197 1037 1235 1099 iis
1266 1045 1297 1099 et
1327 1036 1388 1100 frui
1420 1059 1524 1100 eorum

508 1154 731 1219 consuetudine
765 1154 871 1217 liceret
878 1181 888 1231 3
920 1162 1083 1239 postquam
1117 1176 1187 1218 vero
1217 1154 1306 1219 obliti
1338 1164 1412 1219 sunt
1443 1154 1527 1218 modi

508 1273 653 1350 humani,
678 1283 709 1337 et
732 1273 883 1357 attingere
906 1295 944 1337 ea
966 1273 1033 1337 ausi
1055 1283 1143 1350 sunt,
1168 1296 1247 1358 quae
1269 1282 1370 1336 essent
1388 1273 1525 1337 Deorum

507 1393 646 1477 propria,
671 1392 808 1475 ingentia
830 1391 982 1476 supplicia
1004 1392 1197 1456 invenerunt.

551 1508 669 1588 Quanti
698 1516 800 1572 autem
828 1518 891 1587 est,
917 1531 935 1571 a
958 1508 1024 1571 Deo
1052 1510 1146 1572 amari
1169 1516 1201 1572 et
1223 1510 1360 1595 accipere
1382 1507 1522 1594 prolem?

380 1673 385 1681 -
505 1625 600 1706 Quod
623 1626 748 1711 quidem
771 1627 960 1713 praeclarum
984 1626 1166 1691 beneficium
1188 1635 1280 1691 nacta
1303 1626 1433 1690 Coronis
1453 1648 1524 1691 oon·

506 1746 626 1809 temsit:
659 1744 764 1809 eadem
796 1768 866 1808 vero
890 1756 1015 1830 experta
1038 1753 1101 1822 est,
1125 1768 1187 1809 non
1211 1745 1334 1809 inanem
1358 1767 1423 1809 asse
1446 1747 1521 1810 iram

506 1862 652 1927 Deorum.
698 1862 779 1927 Nam
807 1885 903 1946 quum
931 1864 1053 1927 coiisset
1076 1886 1147 1927 cum
1170 1886 1204 1927 ea
1227 1872 1367 1928 comatus
1391 1864 1521 1948 Apollo,

504 1982 631 2065 ipsaque
655 1982 746 2045 ferret
766 2003 869 2045 semen
889 1980 948 2044 Dei
965 2004 1094 2065 purum,
1115 1982 1223 2045 insana
1242 1990 1345 2046 mente
1365 1981 1450 2045 alind
1470 2004 1522 2045 an·

504 2099 572 2161 nuit
595 2098 786 2163 connubium
808 2099 885 2163 elam
911 2108 1046 2185 patrem,
1070 2120 1171 2183 neque
1194 2099 1399 2185 exspectavit,
1423 2098 1520 2163 donee

503 2216 619 2279 renuet
638 2216 676 2279 ad
693 2239 828 2281 mensam
845 2216 1059 2281 connubialem
1075 2240 1175 2301 neque
1191 2218 1421 2281 omnisonorum
1439 2216 1522 2280 clan-

501 2356 606 2417 gorem
625 2334 878 2418 hymenaeomm,
899 2356 978 2419 quoa
997 2334 1098 2398 solent
1118 2334 1262 2419 aequales
1282 2334 1404 2420 puellae
1420 2335 1519 2398 sociae

501 2452 681 2537 vespertinis
712 2452 819 2516 ludere
850 2452 1057 2529 carminibus;
1090 2452 1143 2516 sed
1174 2452 1292 2538 cupivit
1323 2452 1463 2517 absentia
1488 2460 1520 2515 et

491 2570 652 2638 uenientis
676 2592 713 2634 ex
737 2570 870 2634 Arcadia
888 2571 1020 2655 hospitis
1042 2570 1215 2656 amplexum
1236 2570 1394 2634 sustinuit.
1431 2569 1519 2633 Misit

501 2686 615 2772 Apollo
638 2710 771 2753 sororem
795 2688 840 2751 ira
863 2688 1033 2752 furentem:
1057 2687 1175 2752 domita
1190 2695 1237 2751 est
1251 2686 1400 2764 Coronis,
1416 2687 1519 2751 multi·

500 2827 560 2887 que
577 2804 746 2869 vicinorum
762 2806 847 2869 lucre
863 2805 960 2869 cladis
971 2806 1135 2892 participes
1147 2805 1301 2889 simulque
1312 2805 1479 2889 perierunt.
1493 2804 1518 2886 ⁹)

543 2920 603 2985 Sed
622 2921 739 2987 ferebat
756 2924 790 2986 in
809 2923 879 2987 sinu
900 2922 1030 2987 Coronis
1049 2922 1149 2987 lilium
1169 2922 1337 3008 Apollinis,
1358 2945 1445 3000 eum,
1462 2922 1518 3005 qui

498 3039 701 3125 Aesculapius
733 3040 906 3125 appellatus
934 3048 991 3105 est.
1039 3039 1113 3104 Non
1136 3040 1209 3104 sivit
1231 3062 1302 3104 enm
1326 3062 1397 3104 cum
1420 3048 1517 3103 matre

498 3158 596 3242 perire
617 3158 743 3244 Apollo:
763 3182 778 3222 e
801 3172 897 3223 matre
913 3160 1045 3223 servavit
1057 3159 1122 3243 jam
1137 3181 1213 3243 rogo
1228 3158 1381 3244 imposita
1418 3156 1516 3240 Atqui

498 3275 530 3338 in
554 3276 621 3359 ipso
645 3276 831 3361 Aesculapio
854 3285 983 3341 conatus
1006 3277 1121 3341 nimius
1144 3299 1201 3341 nec
1224 3276 1381 3341 modestus
1402 3274 1519 3339 vindic·

497 3400 560 3457 tam
592 3393 728 3459 divinam
755 3417 877 3480 gravem
906 3404 1051 3481 expertus
1077 3404 1133 3459 est.
1181 3393 1263 3459 Nam
1286 3394 1349 3457 sive
1372 3416 1440 3458 aere
1462 3415 1518 3457 seu

498 3534 570 3575 saxo
593 3512 788 3590 vulneratos,
813 3514 875 3578 siv‘e
898 3515 970 3598 igne
995 3514 1042 3578 vel
1066 3535 1262 3597 quacumque
1284 3535 1378 3576 causa
1396 3512 1517 3576 saucios

498 3630 634 3695 curabat.
670 3631 730 3695 Sed
751 3640 882 3716 quaestu
902 3633 1052 3719 sapientia
1071 3654 1195 3717 quoqne
1210 3632 1313 3696 vincta
1327 3639 1383 3695 eet.
1418 3629 1514 3693 lllum

497 3747 588 3811 etiam
613 3748 743 3813 abduxit
763 3750 894 3836 superba
913 3750 1051 3814 mercede
1072 3772 1180 3814 aurum
1200 3772 1350 3836 apparens
1369 3750 1403 3814 in
1421 3747 1517 3813 mani·

496 3865 572 3943 bus,
597 3875 632 3929 ut
655 3868 756 3932 virum
776 3891 792 3933 e
812 3876 910 3933 morte
932 3868 1093 3933 reduceret
1112 3870 1177 3953 jam
1197 3874 1331 3953 captum.
1367 3866 1516 3931 Manibus

494 3985 609 4069 jaciens
641 3982 790 4051 Cronidea
823 4008 876 4070 per
907 3987 1009 4051 sinum
1041 3996 1209 4071 utrumque
1240 3987 1356 4050 animas
1384 3984 1517 4049 confecit

496 4101 651 4179 celeriter,
677 4102 849 4188 ardensque
873 4104 991 4169 fulmen
1014 4113 1144 4167 mortem
1166 4105 1305 4189 impegit.
1318 4104 1343 4187 ³)

504 4242 662 4250 ...-—-..-.-—‹

528 4300 553 4361 l)
570 4298 611 4365 ly.
635 4300 674 4350 ΙΙ.
699 4302 730 4351 39
752 4317 814 4365 seqq.
837 4302 961 4352 Lurtratio
983 4303 1081 4368 quidem
1104 4306 1160 4367 port
1181 4302 1278 4351 eaodem
1302 4300 1378 4350 cuceri
1396 4316 1444 4349 nou
1468 4316 1513 4349 me

494 4398 633 4444 moratura
650 4396 771 4457 Pindaro,
788 4397 830 4448 aad
846 4398 876 4447 ab
893 4397 960 4447 aliia:
979 4398 1027 4447 vid.
1044 4398 1152 4462 Erycina
1167 4396 1202 4446 ad
1217 4412 1250 4446 or.
1268 4395 1308 4448 t'l.

529 4489 554 4549 8)
573 4490 612 4555 ly.
631 4490 686 4541 ΙΙΙ.
705 4492 810 4546 14-67.
878 4494 903 4555 8)
922 4492 963 4559 ἢ.
982 4494 1037 4543 111.
1053 4492 1178 4541 ao-los.
