3725 5542
824 720 885 781 355

350 920 437 985 licem
462 930 572 987 sortem
596 928 785 1007 precaretur:
811 918 861 984 Ol.
886 919 932 985 VI
957 924 1009 985 97.
1054 920 1096 985 Et
1118 921 1149 985 in
1174 919 1278 984 eodem
1295 942 1356 984 cer-

350 1039 448 1116 mine,
472 1038 600 1105 landane
624 1041 766 1125 Agerium
785 1038 1002 1124 Syracosium,
1027 1041 1115 1124 cujus
1131 1062 1205 1124 gene
1220 1045 1356 1102 materna

351 1180 387 1221 ex
411 1158 542 1223 Arcadia
563 1158 694 1224 oriunda
716 1170 794 1237 erat,
818 1158 987 1244 impensius
1010 1180 1117 1235 annm,
1135 1180 1197 1243 quo
1214 1159 1354 1222 victorem

351 1278 440 1343 illum
478 1280 605 1365 ejusque
641 1286 763 1365 gentem
798 1277 1005 1365 amplectitur,
1041 1300 1173 1344 amorem
1206 1279 1358 1365 significat

352 1398 616 1463 commemoranda
645 1398 822 1464 Fluviornm
853 1397 1002 1463 Arcadiae
1031 1405 1063 1463 et
1084 1399 1227 1465 Boeotiae
1250 1422 1359 1485 cogna-

352 1517 453 1581 tione:
486 1517 612 1583 attrahit
638 1518 692 1583 illa
722 1540 790 1583 eurn
814 1518 965 1583 volentem
989 1518 1134 1603 cogitatio
1157 1518 1233 1583 llatu
1256 1518 1357 1583 dulci:

356 1632 430 1697 140.
478 1634 570 1719 Apud
602 1634 805 1720 Aeschylum,
838 1632 931 1699 Choe.
958 1637 995 1712 5,
1023 1632 1147 1700 Orestes
1172 1636 1205 1700 iu
1228 1637 1358 1721 patriam

354 1752 473 1818 rediens
497 1753 585 1819 binos
608 1756 705 1819 annea
728 1755 800 1833 fort,
827 1756 939 1841 primos
961 1754 1079 1819 Inacho
1101 1755 1195 1821 fluvio
1217 1741 1360 1821 nutritio

355 1874 402 1937 nis
425 1880 456 1937 et
478 1871 667 1938 educationis
690 1873 873 1958 praemium,
897 1874 1009 1937 alteror
1032 1875 1240 1959 patrimoniis
1256 1896 1361 1959 parea-

355 1992 424 2057 tale.
461 1993 503 2056 At
532 2012 603 2057 vero
634 1991 715 2077 apud
746 1990 915 2057 Humerum
944 1992 1079 2057 Achilles
1102 1992 1135 2057 in
1157 1991 1290 2057 Patrocli
1313 2016 1362 2056 cx-

254 2136 259 2145 ·
357 2109 470 2196 aequiis
500 2108 607 2173 flavam
638 2132 754 2175 comam
785 2110 929 2187 abscidit,
960 2133 1049 2195 quarn
1074 2110 1223 2195 Sperclreu
1247 2112 1362 2197 patriae

358 2228 451 2293 llario
481 2229 665 2309 nutriverat,
698 2229 826 2294 daturus
854 2230 885 2293 in
908 2229 1026 2294 reditu:
1050 2251 1133 2294 nunc
1155 2252 1242 2308 vero,
1267 2252 1363 2315 quum

358 2370 390 2411 aa
425 2370 485 2413 non
519 2347 692 2413 rediturum
725 2370 790 2413 esre
823 2347 992 2432 intelligat,
1027 2348 1122 2413 donat
1152 2348 1236 2413 illam
1266 2350 1363 2414 amico

356 2474 497 2531 mortuo:
528 2474 574 2542 et,
607 2466 694 2531 vultu
724 2466 762 2531 ad
793 2488 873 2531 mare
897 2488 1058 2545 converso,
1082 2466 1267 2552 Spercheum
1289 2467 1363 2531 allo·
1412 2477 1420 2494 ·

358 2586 480 2671 quitur:
505 2584 543 2650 Il.
567 2583 681 2650 XXHI
707 2588 786 2649 144:

425 2706 585 2785 Σπερχεΐ,
610 2700 709 2775 ἄλλως
731 2704 776 2768 ccl
797 2726 835 2781 ys
859 2704 957 2783 curta
980 2702 1105 2782 ἠρήσατο
1127 2703 1257 2778 Πηλεὺς,

425 2820 502 2888 κεῖσέ
525 2847 565 2901 με
586 2824 768 2896 ameum
790 2820 881 2897 Φίλιιν
903 2821 932 2892 ἐς
956 2820 1084 2901 aurelia
1106 2828 1216 2902 patav,

426 2942 471 3007 col
491 2966 525 3007 aa
548 2940 639 3019 ιιδμιιν
660 2940 778 3021 κερέειν,
801 2938 887 3021 ῥέξειν
909 2940 933 3004 t'
956 2942 1029 3019 ἱειίιν
1046 2939 1237 3018 -ἐιιιιιιδμβιιν·

366 3120 370 3129 ,
427 3060 607 3135 πεντήκοντα
629 3060 653 3123 δ’
675 3058 780 3141 ἔνορχα
803 3057 873 3140 παρ’
896 3058 994 3124 ιιῦτδθι
1015 3058 1088 3136 μῆλ’
1112 3060 1242 3139 ἱερεύσειν

429 3178 458 3250 ἐς
481 3176 597 3254 πηγὰς,
620 3174 659 3242 tu
681 3200 724 3241 rar
746 3176 863 3249 τέιιειος
884 3176 984 3255 βωμός
1007 3202 1041 3242 τε
1062 3178 1163 3254 θυήεις.

428 3292 464 3368 ὣς
487 3296 565 3377 ἠρᾶθ’
588 3296 601 3360 ὃ
624 3296 730 3376 γέρων,
753 3297 790 3362 σὺ
811 3296 841 3362 u
864 3298 887 3361 ol
910 3296 969 3363 ao‘oa
991 3299 1042 3363 οὐκ
1064 3296 1231 3369 ἐτέλεσσας.

430 3420 478 3481 νῦν
501 3414 524 3480 δ’
547 3414 609 3480 ἐπεὶ
632 3418 664 3481 οὐ
686 3414 786 3493 νέομαι
808 3440 845 3493 γε
867 3417 959 3499 φίλην
982 3420 1010 3489 ἐς
1033 3416 1162 3497 πατρίδι
1184 3422 1295 3497 patav,

429 3533 588 3615 Πατρόκλῳ
610 3532 673 3614 ἥρωι
695 3532 786 3609 κόμην
808 3532 954 3613 ὀπάσαιμι
976 3535 1122 3616 otpertus.

362 3653 493 3718 Tantum
517 3652 613 3742 igitur
635 3650 846 3737 Nympharum
868 3660 898 3715 et
913 3651 1093 3718 Flauiorum
1108 3674 1205 3738 qnam
1220 3653 1367 3717 honorem

361 3771 454 3837 fuisse
484 3779 644 3858 appareat,
676 3778 792 3835 tantam
824 3779 885 3834 tam
919 3771 1060 3837 eximiam
1089 3772 1263 3851 caritatem,
1287 3782 1367 3837 certe

363 3892 396 3956 in
423 3891 481 3956 hoc
507 3890 639 3956 carmine
661 3890 786 3955 Pindari
809 3888 951 3974 religioni
975 3890 1161 3955 Graecorum
1185 3892 1367 3955 conveniens

365 4016 410 4073 eat
440 4007 604 4094 appellatio
626 4006 788 4093 Nymphae
812 4006 989 4073 (lamminae
1011 4017 1043 4074 et
1065 4008 1202 4073 laudatio
1226 4008 1367 4093 Hippari-

366 4126 412 4192 dis
442 4125 561 4203 Fluvii,
593 4124 800 4190 Camarinaeir
823 4126 979 4191 auxiliaris
1001 4138 1033 4191 at
1050 4127 1215 4192 salutiferi.
1261 4126 1367 4212 Ipsum

319 4312 321 4319 ,
366 4268 488 4331 quoque
519 4244 642 4309 Oannm
665 4244 808 4309 Fluvium
828 4242 1084 4330 'Camannamque
1107 4244 1249 4331 paludem
1272 4244 1368 4308 divini

369 4366 492 4429 honoria
515 4363 758 4429 communionem
782 4361 924 4427 habaima
948 4363 1081 4429 ostendit
1104 4385 1192 4428 versu
1216 4364 1268 4426 25.

415 4482 452 4545 llt
476 4488 594 4566 praeter
616 4479 789 4566 Nympham
813 4479 1002 4546 Camerinam
1023 4489 1054 4544 ct
1069 4502 1217 4565 aquarum
1231 4478 1369 4545 Numina

1193 4601 1247 4657 23·
