3725 5542
843 731 907 796 ³2⁷

372 932 455 995 omni
486 932 630 997 violentia
660 932 862 997 alienissimis.
914 932 968 1017 Py.
1002 932 1032 994 X
1065 933 1122 995 65:
1164 955 1273 1010 „saera
1306 932 1380 1019 gens

371 1051 436 1115 sine
459 1050 612 1117 laboribus
636 1051 818 1137 proeliisque
841 1052 933 1129 vivit,
958 1050 1077 1136 fugiens
1102 1049 1278 1116 Nemesin.”

418 1172 470 1232 29.
506 1169 687 1241 ’Λπόλλωνος
714 1170 883 1245 θεράποντα.
921 1168 1023 1233 Etiam
1051 1169 1106 1253 Py.
1138 1169 1168 1233 X
1193 1172 1233 1233 53
1262 1169 1379 1256 Hyper-

371 1286 479 1351 boreos
502 1287 677 1373 Apollinem
701 1288 792 1352 saeris
815 1286 912 1351 colere
936 1297 968 1353 et
989 1288 1078 1352 illum
1098 1288 1199 1352 Deum
1218 1288 1265 1353 his
1287 1289 1379 1353 saeris

372 1406 508 1491 impense
541 1404 673 1491 gaudere
708 1405 809 1470 tradit.
857 1406 898 1469 Et
931 1404 982 1470 Ol.
1019 1405 1101 1471 VIII
1133 1408 1174 1469 63
1206 1406 1317 1491 Apollo
1341 1407 1380 1470 ad

372 1523 488 1588 Istrum
523 1523 741 1610 proficiscitur,
782 1533 862 1589 oerte
900 1525 940 1588 ad
974 1524 1242 1611 Hyperboreorum
1277 1547 1376 1603 soors,
1426 1558 1432 1570 x

373 1642 526 1727 quomodo
557 1642 594 1707 ad
626 1642 777 1719 lstlymum
810 1644 849 1707 od
879 1644 990 1708 festum
1022 1643 1173 1728 inclytum
1201 1641 1378 1729 Neptunus.

373 1760 412 1825 ut
443 1760 563 1825 videtur
594 1760 860 1847 Hyperboreorum
890 1763 1044 1847 regionem
1077 1761 1242 1848 Sophocles
1266 1763 1379 1847 signifi·

372 1903 453 1945 essse
477 1903 556 1959 eam,
581 1903 672 1965 quam
696 1880 859 1968 appellavit
882 1888 1037 1945 vetustum
1061 1880 1185 1945 hortum
1209 1879 1375 1965 Apollinis,

371 2021 540 2064 memorans
572 2008 695 2084 raptum
725 1998 901 2085 Orithyiae,
934 2022 1061 2085 eamque
1091 2022 1108 2063 o
1139 1999 1237 2064 Borea
1267 1998 1380 2064 abdue·

371 2125 434 2181 tam
457 2140 521 2183 esse

505 2236 574 2316 ὑπέρ
597 2262 631 2302 τε
654 2236 755 2301 πόντον
778 2236 866 2301 πάντ’
890 2235 939 2300 ἐν)
963 2234 1085 2315 {exuro
1106 2235 1224 2317 χθονὸς,

503 2355 619 2427 Ννκτός
641 2380 675 2421 τε
698 2354 800 2432 πηγὰς
822 2357 938 2435 οὐρανοῦ
961 2357 989 2420 τ’
1011 2355 1214 2436 besmyde,

503 2473 608 2551 Φννβνῦ
631 2499 666 2539 τε
688 2473 816 2537 παλαιὸν
838 2480 938 2547 κῆπον.

368 2591 608 2657 strabonum
624 2591 658 2656 C.
673 2591 725 2655 ΠΙ
741 2614 769 2677 p.
785 2594 859 2655 295.
884 2590 925 2655 Ilt
941 2614 974 2655 vs
986 2592 1029 2654 46
1046 2592 1114 2677 ipsa
1126 2591 1259 2655 Artemis
1275 2590 1376 2676 appel-

369 2710 451 2776 latur
477 2711 569 2776 Istris
592 2722 623 2776 et
646 2710 809 2776 Herculem
833 2710 947 2775 dieitur
969 2710 1122 2797 excepisse
1144 2710 1219 2775 olim
1241 2712 1274 2776 in
1296 2720 1377 2775 terro

370 2829 644 2915 Hyperboreorum.
692 2829 882 2917 (lonjunetos
906 2838 987 2894 oerte
1010 2829 1093 2914 apud
1116 2852 1167 2894 eos
1190 2829 1251 2894 fuit
1272 2830 1375 2894 cultus

371 2948 523 3035 Apollinis
547 2960 578 3015 et
599 2949 726 3015 Dianae.
766 2948 943 3015 Herodotus
962 2949 1001 3013 de
1020 2948 1224 3034 Hyperboreis
1244 2949 1376 3035 plurima

369 3088 506 3131 nsmssse
539 3067 645 3132 Delios
679 3068 770 3146 dicit,
807 3078 837 3133 et
867 3067 905 3132 de
936 3068 1045 3145 seeris,
1069 3088 1148 3151 quse
1171 3066 1209 3131 ab
1231 3067 1293 3132 illis
1315 3068 1375 3153 ipsi

369 3187 556 3270 acceperint,
581 3208 658 3270 quae
680 3187 908 3272 apportaverint
922 3186 1055 3271 virgines
1071 3185 1299 3271 Hyperboreae,
1324 3187 1376 3251 tri·

369 3305 477 3369 butum
500 3302 654 3389 Ilithyiae.
701 3304 854 3383 „neum
878 3304 995 3389 inquit,
1020 3303 1160 3369 tumulos
1183 3312 1230 3367 est
1252 3305 1284 3368 in
1305 3305 1376 3367 fano

369 3422 548 3501 Artemidis,
566 3423 731 3505 ἐπιπέφυκε
750 3423 778 3487 δέ
798 3423 822 3488 οἱ
841 3422 957 3497 1λννίν.”
981 3422 1099 3488 Pariter
1113 3444 1236 3487 narrare
1251 3422 1373 3499 Delios,

367 3544 459 3607 etism
490 3543 573 3627 prius
604 3543 721 3607 uenisse
748 3544 850 3627 Argen
882 3548 912 3605 et
940 3539 1041 3626 Opin:
1070 3563 1146 3625 quas
1169 3540 1237 3619 ἅμα
1261 3544 1373 3608 αὐτοῖσι

367 3668 440 3726 τοῖσι
471 3663 554 3726 θεοῖσι
576 3660 729 3726 ἀπικέσθαι
751 3661 879 3738 λέγουσι.
927 3658 991 3741 Qui
1015 3659 1137 3743 quidem
1160 3660 1213 3724 Dii
1236 3682 1297 3725 non
1322 3661 1374 3726 alii

367 3780 461 3844 foisse
485 3779 629 3844 videntur
650 3789 742 3864 atque
766 3779 878 3865 Apollo
901 3788 932 3843 et
955 3780 1098 3843 Artemis.
1138 3780 1242 3865 Atque
1265 3779 1374 3845 horum

368 3898 507 3962 tumulus
530 3898 590 3962 fuit
612 3920 691 3982 pone
714 3898 862 3983 templum
886 3896 1063 3962 Artemidis.
1098 3896 1143 3961 Ut
1162 3904 1263 3963 totum
1283 3920 1374 3964 suum

369 4016 461 4101 prolis
487 4015 635 4082 Latonius
662 4016 778 4082 cultum
801 4017 838 4082 sb
863 4016 1068 4102 Hyperboreis
1091 4016 1173 4081 Delii
1195 4018 1373 4103 repetivisse

369 4134 543 4212 videantur,
574 4136 660 4219 isque
687 4135 753 4220 ipse
776 4135 877 4200 cultus
900 4134 982 4200 oliva
1004 4157 1066 4200 non
1089 4135 1232 4200 obruisse.
1257 4135 1371 4200 Herod.

367 4252 404 4317 L.
416 4222 473 4317 ‘lv
496 4250 531 4317 O.
553 4256 693 4317 33-35.
730 4253 911 4318 Confer-atur
933 4254 968 4319 P.
988 4254 1018 4320 J.
1039 4253 1200 4339 Gestorus,
1223 4255 1270 4319 De
1292 4255 1372 4320 oude

369 4373 477 4438 wereld
500 4396 573 4437 naar
595 4373 785 4451 Herodotus,
810 4372 826 4437 I
850 4396 879 4459 p.
907 4378 980 4439 116.
1015 4374 1119 4461 Ipsius
1139 4398 1209 4439 vero
1229 4374 1372 4461 Delphici

368 4492 483 4556 oraculi
506 4492 653 4577 originem
677 4491 715 4556 ab
735 4491 938 4578 Hyperboreis
956 4494 1116 4580 repetitam
1135 4493 1229 4559 luisse
1248 4494 1372 4560 traditio
