3725 5542
1030 692 1095 754 496

782 889 894 955 τοιοῦτ’
916 891 1026 955 οὶκούων
1050 892 1080 954 ἒν
1103 892 1206 973 φρεσὶν
1228 894 1356 975 γράφον.

555 1010 597 1073 Ilt
626 1032 663 1074 ex
695 1007 857 1093 Sophoclis
887 1006 1077 1092 Triptolemo
1100 1007 1265 1073 scholiasta
1288 1020 1376 1075 vetus
1400 1013 1503 1076 adem:
1527 1016 1572 1086 θὲς

554 1129 581 1194 δ’
604 1131 634 1192 ἐν
655 1128 758 1209 φρενὸς
780 1126 905 1190 diarum
927 1127 995 1197 τοὺς
1018 1126 1105 1203 ἐμοὺς
1128 1128 1243 1204 λόγους.
1268 1127 1315 1191 Ex
1340 1138 1439 1195 vetere
1455 1131 1572 1195 scholio

554 1249 647 1311 etiam
670 1245 795 1308 alteram
819 1244 1005 1328 scripturam
1029 1243 1123 1307 fnisse
1145 1255 1291 1329 apparet:
1315 1248 1571 1329 γράφετωιδὲυὶ

555 1366 778 1441 ἐγγέγραπται.

602 1486 633 1547 l.
667 1483 743 1562 epta.
779 1479 829 1543 hd
852 1479 1018 1543 arcendum
1041 1486 1151 1543 erecta.
1175 1479 1316 1565 Heyuius
1335 1482 1491 1546 existimat
1506 1506 1573 1549 asse

557 1599 663 1679 δικαίᾳ.

604 1718 635 1779 8.
669 1716 755 1779 ἐνιποὶ
783 1711 949 1789 οὶλιτὸξενος
980 1722 1026 1776 est
1058 1713 1243 1798 vituperium
1266 1714 1304 1778 de
1328 1715 1410 1779 laeso
1433 1718 1572 1803 hospite:

557 1833 643 1897 ἐνετοὶ
657 1832 785 1912 ψευδέων
801 1830 988 1914 vituperium
1003 1829 1173 1894 mendacii:
1190 1830 1243 1894 sed
1260 1831 1454 1897 mendacium
1470 1834 1573 1919 ipsum

556 1959 589 2015 et
618 1950 760 2035 promissi
790 1949 932 2012 carminis
965 1948 1085 2013 fallacia
1116 1947 1270 2033 hospitem
1300 1949 1422 2013 laesura
1454 1952 1573 2015 luerat:

555 2067 652 2151 igitur
681 2067 874 2131 substantivo
898 2073 929 2129 et
952 2064 1135 2149 adjectivum
1160 2073 1190 2128 ct
1213 2067 1384 2149 genitivum
1409 2070 1574 2152 separatim

555 2186 709 2252 Pindarus
728 2184 866 2261 addidit,
880 2188 978 2268 quum
995 2194 1097 2247 tamen
1112 2186 1280 2249 sententiae
1293 2186 1459 2250 confluant.
1486 2186 1576 2251 Simi-

555 2306 628 2370 liter
650 2302 701 2367 Ol.
732 2301 781 2366 IX
815 2303 879 2366 166
906 2303 1045 2367 manao
1068 2301 1181 2367 Ἰλιάδι
1203 2303 1322 2385 βωμόν,
1346 2304 1400 2370 ubi
1429 2304 1498 2369 vide
1520 2329 1575 2371 an·

558 2423 758 2487 notationem.

603 2542 635 2603 9.
668 2538 768 2602 ἕκαθεν
782 2538 852 2616 γὰρ.
875 2534 995 2621 Nempe
1010 2544 1132 2621 tempus
1148 2537 1233 2622 quod
1248 2546 1314 2603 tum
1331 2540 1472 2603 futurum
1488 2550 1573 2617 erat,
1669 2624 1670 2629 ἵ

560 2677 657 2740 quum
680 2676 802 2717 carmen
826 2651 1074 2737 promittebatur.
1669 2646 1670 2657 ’

605 2776 657 2838 12.
691 2774 820 2845 ὃτόιιος.
867 2770 1014 2836 Debitum
1037 2793 1109 2836 cum
1132 2772 1255 2837 loenore
1277 2796 1309 2836 se
1325 2772 1502 2837 soluturum
1516 2774 1577 2858 sig·

558 2892 679 2969 nificat,
711 2890 849 2954 studiose
879 2889 1065 2955 elaborando
1093 2892 1237 2955 carmine.
1284 2890 1446 2955 Geuitivus
1468 2892 1576 2971 ἀνδρῶν

557 3031 629 3074 eum
650 3009 829 3086 ἐπιμομφὰν
852 3008 1036 3092 conjunctus
1059 3014 1115 3071 est.

569 3114 572 3120 ¹
604 3129 656 3191 13.
692 3132 757 3206 νῦν,
780 3130 896 3205 ψᾶφον.
942 3124 1056 3189 Fuerat
1079 3124 1181 3189 adhuc
1205 3126 1358 3189 sententia
1382 3125 1480 3189 divisa
1503 3134 1577 3211 post

555 3246 661 3325 ὦνδριῖιν
690 3243 758 3308 colo
792 3244 910 3329 posito:
942 3243 975 3306 in
998 3242 1063 3319 his,
1088 3250 1136 3307 νῦν
1158 3245 1279 3324 ψᾶφον,
1308 3242 1491 3307 scholiastae
1515 3244 1576 3308 ali·

558 3362 634 3446 quid
670 3360 905 3445 intelligendum
934 3360 1102 3445 putabant,
1134 3359 1255 3437 ἴδωμεν,
1284 3362 1476 3441 θεωρήσωμεν.
1512 3360 1575 3425 Sed

557 3479 683 3544 omniuo
712 3476 835 3543 difficile
866 3487 932 3542 erat
962 3478 1145 3542 senteutiam
1176 3478 1294 3542 elicere.
1341 3476 1501 3542 Sententia
1531 3479 1578 3541 ita

557 3597 773 3680 interpuncta,
797 3602 833 3659 ut
855 3610 939 3659 nnnc
962 3594 1037 3672 leci,
1062 3594 1139 3659 mihi
1162 3602 1231 3680 apte
1254 3594 1417 3680 procedere
1441 3594 1575 3659 videtur.

555 3715 646 3779 Ὀιιοι
667 3736 731 3777 non
754 3734 880 3797 prorsus
903 3712 1032 3776 eandem
1055 3712 1167 3777 retinet
1190 3711 1462 3796 significationem:
1486 3712 1576 3796 prins

557 3830 685 3897 inservit
708 3830 946 3916 comparationi:
971 3830 1124 3915 posterius
1148 3852 1218 3894 eum
1242 3829 1386 3907 modum,
1404 3850 1466 3913 quo
1482 3828 1576 3895 modo
1669 3806 1670 3849 l

557 3950 624 4034 ipsa
645 3970 694 4012 rea
716 3948 788 4025 fiat,
812 3948 975 4033 significat
1022 3946 1115 4012 Nunc
1138 3948 1247 4012 loeuus
1270 3948 1384 4032 poterit
1406 3946 1508 4011 delere
1530 3970 1577 4011 re·
1669 3956 1670 3978 l

558 4065 810 4151 prehensionem,
835 4065 1095 4150 quemadmodum
1119 4066 1209 4129 maris
1234 4064 1335 4129 undae
1357 4064 1499 4129 volutum
1515 4064 1577 4128 eal·

559 4183 663 4248 culum
686 4182 839 4247 obruunt:
863 4193 894 4246 et
917 4204 979 4268 quo
1002 4182 1094 4247 modo
1117 4182 1312 4266 reprehensio
1335 4180 1511 4245 delebitur?
1530 4182 1576 4244 ita
1669 4214 1670 4237 ι

559 4301 701 4384 quidem,
730 4301 892 4365 sinesin
912 4299 1083 4384 jucundam
1106 4300 1235 4385 gratiam
1260 4298 1466 4383 persolvemus
1489 4297 1576 4363 dabi-

559 4440 689 4505 musque
712 4420 871 4483 honorem.
904 4416 1070 4502 Ingeniose
1093 4418 1126 4481 iu
1148 4416 1273 4481 scholiis
1295 4422 1380 4495 κῦμα
1402 4416 1460 4497 ῥέον
1482 4416 1576 4480 reler-
