3725 5542
978 721 1042 779 420

507 947 592 988 rum:
616 923 695 987 nihil
717 919 867 1007 ejusmodi
889 928 993 984 ortum
1016 941 1033 982 a
1055 917 1248 1005 Tlepolemo:
1266 926 1392 1006 apparet
1405 918 1464 982 hoe
1479 939 1517 983 er

505 1042 658 1120 Aristide,
682 1043 736 1124 qui
758 1039 896 1105 Rhodios
918 1037 1075 1124 appellans
1099 1038 1145 1102 his
1162 1039 1260 1103 verbis
1278 1040 1395 1104 utitur:
1411 1037 1446 1104 σθ
1461 1043 1516 1116 μὲν

502 1164 628 1240 οὶρχκῖον
657 1160 724 1224 ἐστὲ
751 1165 868 1238 Δωριεῖς
891 1159 925 1221 ἐκ
947 1157 1177 1239 Πελοποννήσου,
1200 1156 1279 1232 μόνον
1302 1157 1332 1220 δὲ
1353 1158 1393 1228 εἷς
1416 1162 1515 1221 τοῦτον

500 1279 550 1344 σθν
571 1279 672 1358 χρόνον
690 1280 835 1351 Ἕλληνες
857 1277 905 1340 θοοὶ
924 1275 1052 1356 παντὸς,
1071 1274 1273 1354 Ἠροοκλεῶοιος
1287 1275 1378 1339 δὲκαὶ
1389 1273 1515 1348 Ἀσκλη-

498 1397 618 1468 σοοθδοοος
647 1395 834 1476 οὶρχηγὲτοοος
864 1393 914 1458 eal
947 1393 1104 1470 βασιλεῦσι
1133 1393 1282 1472 κέχρησθε.
1316 1392 1367 1456 Ita
1389 1393 1512 1476 quidem

498 1513 678 1578 Muellerus.
725 1512 792 1596 Ego
823 1533 894 1575 vero
925 1509 1064 1594 adjiciam
1096 1510 1144 1573 his
1172 1532 1222 1586 ea,
1246 1531 1324 1593 quae
1344 1509 1513 1587 Aristides,

498 1632 587 1715 eujus
608 1630 784 1695 testimonio
801 1629 901 1693 utitur
915 1626 1085 1691 Muellerus
1102 1634 1138 1690 nt
1152 1625 1362 1712 Tlepolemum
1378 1628 1512 1711 rejiciat,

498 1770 589 1833 porro
618 1749 684 1833 ipse
715 1747 802 1811 affert
832 1755 868 1810 nt
897 1767 989 1808 suum
1019 1745 1085 1828 ipse
1111 1745 1321 1809 testimonium
1345 1745 1511 1809 confirmet.

497 1864 676 1948 „Cogitate
699 1863 819 1947 inquit,
844 1869 976 1945 quantae
1000 1860 1102 1926 laudis
1125 1862 1338 1926 excitationem
1360 1861 1446 1926 vobis
1462 1863 1513 1925 ha-

496 1982 589 2047 beant
620 2005 672 2058 ea,
705 2003 783 2066 qnae
814 2002 832 2042 a
862 1979 966 2042 Poetis
989 1979 1028 2042 de
1051 1977 1137 2042 vobis
1160 1978 1243 2042 dicta
1266 1985 1355 2044 sunt:
1380 2000 1513 2064 quorum

496 2119 553 2182 ego
576 2098 746 2182 praeteribo
770 2098 961 2161 narrationes
977 2105 1008 2159 et
1023 2095 1152 2160 Homeri
1166 2103 1287 2160 tantum
1303 2097 1511 2161 testimonium

495 2215 757 2293 commemorabo,
782 2213 866 2299 quod
891 2223 937 2277 est
960 2213 1155 2299 hujusmodi:

606 2331 637 2398 οἵ
653 2333 745 2398 Ῥόδον
766 2333 972 2414 ἀμφενέμοντο
994 2331 1041 2396 θοοὶ
1063 2332 1156 2411 τρίχοο
1178 2332 1366 2407 κοσμηθέντες

605 2451 706 2516 Alelen
728 2448 859 2524 Ἰηλυσόν
880 2473 915 2513 σε
938 2449 987 2512 καὶ
1010 2449 1180 2528 samem
1203 2447 1353 2528 Κάμειρον.

917 2571 949 2627 et
972 2585 1062 2648 porro
1388 2611 1397 2616 .

605 2682 713 2762 τριχθὰ
736 2681 766 2745 δὲ
788 2680 892 2762 ᾤκηθεν
913 2679 1128 2761 memerato
1151 2681 1199 2756 ἠδὲ
1220 2681 1343 2762 φίληθεν

606 2801 640 2862 ἐκ
663 2799 747 2875 Διὸς,
770 2796 840 2861 ὅστε
861 2798 946 2862 θεοῖσι
968 2798 1018 2860 eat
1041 2797 1222 2877 οἱνθρῶποοσον
1244 2797 1376 2863 οἶνοθσσεο.

494 2912 652 2998 Cogitate,
681 2913 808 2978 Poetam
832 2936 938 2978 omnes
962 2915 1024 2978 fere
1046 2913 1153 2978 landes
1177 2915 1303 2978 Graecis
1325 2913 1509 2978 tribuentem

492 3053 628 3096 summas
651 3032 791 3096 omnium
814 3031 937 3095 dedisse
960 3029 1079 3094 vobis.”
1124 3029 1210 3094 Haeo
1225 3030 1395 3108 Aristides,
1410 3030 1510 3095 Rhod.

492 3147 528 3213 H
551 3171 582 3233 p.
606 3150 690 3225 396,
716 3151 791 3212 397.
838 3148 880 3212 Et
902 3155 978 3212 snut
1003 3148 1026 3211 ii
1049 3169 1155 3212 versus
1179 3147 1307 3212 Homeri
1326 3171 1363 3212 ex
1379 3149 1447 3234 ipsa
1461 3148 1515 3212 ille

494 3267 560 3350 ejus
576 3264 614 3330 de
630 3265 808 3348 Tlepolemo
820 3265 998 3328 narratione
1011 3263 1169 3342 desumta,
1184 3287 1276 3349 quam
1288 3265 1390 3330 attuli.
1414 3265 1514 3330 Etiam

494 3382 555 3446 alia
577 3382 700 3446 alteram
725 3382 765 3445 ad
789 3403 822 3445 vs
847 3384 900 3445 63.
939 3379 1021 3465 Ergo
1038 3405 1089 3460 ea,
1107 3403 1186 3466 quae
1201 3382 1332 3446 affirmet
1348 3381 1514 3460 Aristides,

495 3499 626 3564 testibus
652 3521 728 3564 usna
752 3499 856 3563 Poetis
883 3497 1011 3584 reliquis
1035 3508 1067 3564 et
1090 3498 1245 3578 Homero,
1271 3521 1307 3564 ea
1329 3501 1396 3584 ipsa
1419 3499 1515 3564 Muel-

496 3615 560 3679 lero
584 3638 640 3700 pro
663 3623 845 3700 argumento
868 3625 959 3695 suut,
983 3625 1021 3682 ut
1043 3617 1190 3682 Aristidis
1213 3625 1321 3682 utatur
1339 3617 1514 3681 testimonio

496 3731 536 3795 ad
552 3734 743 3797 narrationes
759 3732 925 3799 Poetarum
942 3733 1130 3818 reliquorum
1149 3741 1179 3798 et
1195 3733 1323 3798 Homeri
1337 3732 1513 3798 refutandas

496 3857 527 3912 et
542 3848 732 3934 rejiciendas.
749 3849 829 3915 Vide
844 3851 922 3915 Karl
938 3850 1074 3916 Ottlried
1089 3851 1238 3928 Mueller,
1253 3849 1432 3935 Aeginetica
1443 3871 1511 3934 pag.

496 3969 539 4029 42
564 3974 596 4030 et
617 3967 747 4045 Dorier,
772 3968 867 4034 Abth.
891 3969 910 4032 I
932 3992 963 4054 p.
991 3971 1052 4033 103
1078 3991 1162 4053 seqq.
1198 3966 1341 4032 Ceterum
1358 3966 1512 4031 Diodorus

495 4083 619 4148 Siculus
634 4083 672 4148 L.
685 4083 716 4145 V
732 4083 758 4148 C
772 4089 812 4149 ot
826 4087 917 4149 etiam
930 4084 1008 4148 duas
1020 4085 1156 4152 colonias
1167 4084 1311 4149 Rhodum
1323 4084 1443 4148 venisse
1455 4105 1514 4147 me·

497 4209 608 4279 moret,
633 4201 834 4286 posteriorem
856 4200 935 4265 duee
953 4200 1319 4285 Althaemene,'priorem
1334 4199 1513 4284 Tlepolemi.

542 4319 597 4380 40.
631 4320 790 4396 εὐρυσθενεῖ
809 4317 907 4398 γέννᾳ.
955 4316 1002 4382 Ol.
1027 4317 1098 4403 Pyt.
1123 4317 1189 4381 VII
1213 4319 1232 4381 8
1256 4316 1515 4392 'Mamiliam-

497 4433 624 4510 Μενεῑ
642 4435 740 4517 rote
