3725 5542
516 904 560 966 ita
590 903 860 969 Rhadamanthum
893 905 1017 982 fecisse,
1046 906 1100 969 sed
1127 908 1244 991 cepisse
1271 908 1408 972 fructum
1436 908 1535 971 incor-

516 1030 624 1105 ruptae
659 1022 788 1099 meutis,
820 1043 881 1084 non
913 1020 1101 1086 delectatum
1134 1023 1236 1087 auimo
1268 1024 1416 1101 fallaciis,
1448 1025 1533 1107 quod

516 1139 636 1202 avenne
659 1138 738 1203 solet
760 1138 919 1203 bominum
944 1138 1141 1204 adulatorum
1164 1141 1338 1206 fraudibus.
1352 1143 1378 1223 ¹)

562 1256 667 1340 Pergit
700 1264 804 1320 autem
838 1257 899 1333 ita,
935 1264 973 1320 ut
1005 1257 1080 1321 boni
1110 1259 1185 1322 civis
1217 1259 1369 1344 probique
1400 1259 1535 1323 hominis

516 1373 668 1438 describat
694 1374 809 1437 officia:
838 1374 1008 1438 calumnias
1035 1398 1101 1438 esse
1129 1376 1243 1441 malum
1267 1377 1436 1441 invictum:
1460 1376 1534 1453 sed,

516 1492 548 1555 in
583 1493 739 1556 communi
773 1492 932 1577 pravitatis
967 1492 1220 1577 fallaciarumque
1254 1494 1379 1569 illuvie,
1415 1493 1536 1557 suberis

515 1610 611 1671 instar
634 1630 694 1673 non
719 1609 797 1692 tingi
820 1615 977 1693 oportere,
1002 1631 1098 1692 quum
1124 1618 1259 1674 ceterum
1279 1617 1343 1683 rete
1366 1619 1536 1693 mergatur.

517 1726 583 1791 Nec
606 1727 671 1789 fieri
694 1748 799 1811 posse,
824 1736 860 1789 nt
883 1732 1007 1789 astutus
1027 1727 1104 1789 civis
1119 1727 1230 1791 fortem
1246 1750 1350 1792 vocem
1367 1728 1440 1791 edat
1455 1730 1537 1792 inter

517 1844 631 1921 bonos,
663 1843 717 1907 sed
747 1843 836 1909 illum
868 1844 989 1907 cunetis
1020 1844 1134 1929 pariter
1163 1844 1304 1921 adulari,
1336 1845 1449 1909 flexum
1482 1868 1538 1929 per

517 1960 621 2024 orbes:
647 1982 708 2023 non
732 1960 917 2024 veniendum
942 1981 1008 2024 ease
1030 1962 1062 2025 in
1086 1964 1153 2046 ejus
1175 1962 1387 2047 impudentiae
1411 1962 1538 2025 sociata

518 2086 591 2142 tem.
638 2077 815 2142 Amandum
850 2100 915 2142 esse
949 2080 1101 2156 amicum,
1137 2079 1190 2143 aed
1221 2080 1347 2143 inimico
1377 2101 1537 2144 occurrere

520 2204 660 2282 oportere
686 2194 791 2259 modis
823 2196 968 2260 omnibus
999 2197 1088 2280 quasi
1111 2196 1231 2281 lupum.
1279 2197 1318 2261 In
1341 2199 1425 2261 omni
1447 2219 1538 2282 repu-

519 2314 600 2379 blica
622 2313 776 2378 bominem
800 2314 948 2378 orationis
971 2323 1095 2399 apertae
1117 2316 1278 2399 proficere,
1303 2315 1337 2379 iu
1356 2313 1535 2399 tyrannide,

519 2441 550 2496 et
574 2430 628 2495 nbi
651 2431 803 2515 sapientes
826 2432 981 2495 civitatem
1004 2431 1227 2517 gubernant.¹)

564 2548 700 2613 Omnino
722 2554 803 2613 recta
828 2550 965 2613 monuit:
990 2570 1092 2631 neque
1114 2550 1197 2613 euim
1219 2550 1388 2633 quidquam
1406 2550 1536 2615 fallaciis

520 2666 698 2751 pestiferum
722 2666 837 2749 magis,
863 2674 892 2729 et
916 2665 1087 2729 calumniae
1109 2667 1194 2751 ipsae
1216 2665 1448 2731 adulationibus
1468 2688 1539 2731 con·

517 2784 729 2869 junctissimae
756 2790 845 2860 sunt,
874 2784 940 2868 ejus
964 2784 1115 2861 hominis,
1139 2784 1191 2849 cui
1214 2805 1313 2867 quum
1336 2783 1435 2848 bonae
1457 2792 1538 2849 artas

521 2902 637 2979 desint,
660 2902 827 2965 mendaciis
852 2901 1103 2965 contendendum
1124 2910 1171 2965 est
1194 2912 1225 2965 et
1240 2924 1295 2987 per
1309 2901 1399 2967 orbes
1414 2912 1540 2987 captan-

521 3018 561 3082 da
583 3018 804 3083 muevolentia.
848 3018 1007 3104 Expressit
1028 3018 1111 3083 idem
1135 3020 1288 3103 praeclare
1311 3019 1365 3084 ille
1386 3019 1424 3083 de
1447 3042 1539 3085 scena

521 3136 723 3221 philosophus
746 3135 924 3221 Euripides:
946 3135 1054 3213 „istud
1075 3144 1136 3209 est,
1159 3135 1244 3220 quod
1263 3136 1440 3200 mortalium
1461 3136 1539 3201 bene

519 3253 704 3318 constitutas
732 3254 872 3317 civitates
900 3254 1071 3337 domosque
1093 3252 1213 3338 perdit,
1237 3252 1331 3317 nimis
1353 3252 1455 3337 pulcri
1477 3276 1541 3317 ser·

521 3394 644 3435 mones:
672 3392 772 3455 neque
798 3372 879 3435 euim
907 3371 992 3455 quod
1015 3371 1143 3435 auribus
1165 3370 1286 3456 placeat
1307 3370 1409 3435 dicere
1432 3371 1539 3449 decet,

522 3488 574 3553 sed
604 3510 640 3553 ex
672 3510 734 3572 quo
766 3488 879 3571 aliquis
908 3488 1033 3552 laudem
1060 3495 1209 3551 nacturus
1232 3487 1305 3551 sit.''
1316 3486 1341 3571 ¹)
1386 3486 1540 3553 Pindarus

522 3629 611 3685 saue,
637 3628 733 3691 quum
755 3607 1033 3692 praestantissimas
1057 3607 1162 3671 amicis
1187 3605 1295 3670 laudes
1317 3607 1539 3691 impertiverit,

523 3725 582 3788 uisi
604 3748 674 3789 vera
694 3726 743 3789 via
764 3726 936 3801 incesserit,
961 3723 1204 3789 contemnendus
1219 3723 1275 3787 sit:
1292 3723 1346 3786 sed
1360 3724 1427 3808 ipse
1442 3745 1539 3808 quum

524 3844 623 3927 qualis
644 3850 723 3907 esset
743 3843 945 3928 intelligeret,
963 3842 1110 3907 invidiam
1125 3841 1375 3925 calumniamque
1389 3850 1422 3907 et
1435 3842 1541 3907 adula-

523 3962 636 4025 tionem
660 3984 787 4039 cxosus,
813 3982 978 4045 veramque
999 3960 1170 4024 orationem
1187 3958 1318 4037 habeus,
1334 3982 1397 4024 non
1413 3960 1540 4025 auribus

414 4122 418 4129 -
522 4081 654 4165 placere,
675 4080 728 4143 sed
745 4079 889 4143 virtutem
907 4080 1018 4143 animis
1035 4077 1248 4142 commendare
1265 4077 1401 4142 studuit:
1417 4080 1540 4163 luitque

520 4204 582 4261 tam
605 4197 746 4281 copiosus
767 4196 799 4259 in
820 4195 1070 4261 commendandis
1092 4195 1243 4260 bonorum
1265 4194 1427 4271 laudibus,
1444 4218 1538 4279 qnam

526 4362 694 4372 ----—-

558 4450 583 4502 n
601 4450 642 4515 ra.
661 4450 700 4499 ιι.
719 4450 775 4499 aar.
876 4450 902 4511 a)
918 4450 960 4515 n.
979 4450 1019 4499 ιι.
1039 4449 1094 4499 ran.
1193 4448 1219 4509 a)
1236 4447 1335 4510 mm.
1351 4446 1411 4497 aaa.
