3725 5542
841 770 905 831 229

366 972 464 1035 trihus
499 970 646 1039 dantibus
679 968 884 1055 Tyndaridis,
921 971 995 1054 quia
1027 970 1169 1055 plurimis
1203 970 1380 1035 mortalium

366 1112 416 1153 eos
447 1089 562 1153 mensis
598 1086 803 1173 hospitalibus
840 1087 970 1165 colunt,
1005 1086 1057 1173 pia
1090 1098 1192 1151 mente
1228 1096 1383 1151 servantes

366 1230 452 1272 sacra
483 1206 653 1272 beatorum.
701 1206 822 1286 Quodsi
854 1207 1115 1292 praestantissime
1145 1213 1192 1270 est
1219 1228 1314 1290 aqua,
1339 1206 1385 1270 di·

365 1328 510 1391 vitiarum
540 1348 610 1390 vero
642 1348 751 1391 aurum
776 1325 1065 1403 honoratissimum,
1089 1348 1173 1390 nunc
1196 1325 1321 1410 quidem
1345 1325 1384 1389 ad

367 1444 532 1509 terminum
557 1444 695 1529 pervenit
718 1444 887 1509 rirtutibus
904 1443 1006 1508 Thero
1023 1444 1153 1530 propriis
1170 1443 1208 1507 ad
1224 1444 1384 1507 columnas

366 1562 520 1629 Herculis.
556 1562 651 1644 Quod
675 1563 756 1628 ultra
780 1573 843 1642 est,
867 1564 987 1627 invium
1007 1563 1107 1627 doctis
1124 1571 1217 1627 estet
1233 1562 1382 1627 indoctis:

364 1704 427 1747 non
452 1704 524 1746 saite
548 1704 727 1769 persequar:
754 1682 854 1746 inanis
878 1683 984 1746 sorem.

779 1954 968 1964 ,Νη-ῳ..-

727 2152 923 2218 OLYMPIA
961 2152 1017 2217 IV.

675 2408 825 2453 sesemel
857 2410 1074 2454 erumnam.

771 2626 967 2711 (aaron.)

408 2863 559 2928 Tonitrua
582 2864 637 2948 qni
661 2864 723 2928 late
746 2864 902 2928 currentia
924 2864 1006 2949 regis
1022 2884 1141 2928 summe
1155 2863 1292 2949 Jupiter:
1310 2871 1381 2931 tuae

365 2983 447 3047 enim
472 2983 551 3047 vices
573 2992 746 3069 temporum
771 3003 842 3047 curn
866 2982 1001 3046 carmine
1024 2990 1055 3047 et
1078 2983 1213 3047 citharae
1229 2991 1380 3049 concentu

364 3102 447 3165 vario
472 3124 520 3165 me
543 3102 653 3165 misere
677 3082 787 3165 testein
811 3099 1145 3185 praestantissimorum
1161 3102 1379 3168 certaminum:

364 3217 539 3304 hospitibus
571 3220 597 3283 si
629 3218 707 3283 beue
739 3219 858 3296 evenit,
891 3218 995 3282 statim
1023 3218 1062 3281 ad
1085 3217 1207 3283 dulcem
1230 3221 1380 3285 nuncium

360 3336 515 3401 exsultant
539 3336 625 3402 boni:
651 3359 799 3401 verume
824 3335 1006 3416 erasisti,
1031 3338 1085 3421 qui
1109 3340 1241 3401 Aetnam
1266 3338 1375 3418 habes,
1414 3345 1455 3407 10
1532 3413 1536 3420 ,

360 3472 422 3539 quo
451 3454 602 3540 premitur
628 3454 763 3541 pondere
795 3462 922 3521 ventoso
947 3456 1102 3541 centiceps
1125 3455 1291 3541 Typhoeus
1315 3458 1377 3523 vio

360 3574 479 3652 lentus,
504 3574 605 3659 recipe
629 3581 755 3661 propter
778 3574 902 3639 Gratias
926 3574 1012 3639 hunc
1035 3574 1073 3639 de
1088 3572 1235 3660 Olympia
1251 3578 1378 3643 victoria

358 3694 502 3771 cantum,
539 3694 669 3757 maxime
704 3693 888 3758 diuturnum
919 3693 1025 3758 lumen
1058 3695 1208 3759 virtutum
1239 3696 1376 3762 fortium.

358 3808 438 3875 Nam
460 3812 634 3877 Psaumidis
652 3812 736 3877 venit
752 3812 878 3878 rhedam
896 3834 1025 3878 ornans:
1043 3813 1097 3897 qui
1113 3813 1196 3877 oliva
1211 3823 1375 3879 coronatus

357 3928 465 3994 Pisaea
487 3930 616 4017 gloriam
641 3932 771 3996 excitare
796 3929 977 3997 Camarinae
1001 3931 1135 3996 festinat.
1176 3930 1262 3997 Deus
1285 3932 1375 3998 bene·
1411 3936 1451 3996 20

357 4048 444 4113 volus
461 4050 502 4113 sit
518 4049 645 4133 reliquis
662 4051 758 4113 votis:
782 4050 1034 4134 quandoquidem
1057 4049 1144 4114 illum
1161 4049 1269 4128 laudo,
1287 4052 1375 4136 equis

356 4167 482 4253 quidem
505 4167 624 4232 alendis
648 4167 735 4233 valde
759 4168 917 4248 deditum,
947 4169 1174 4254 laetantemque
1197 4168 1373 4254 hospitibus

356 4287 476 4351 cunctis
500 4286 683 4373 recipiendis
707 4296 738 4353 et
762 4288 800 4351 ad
826 4288 970 4353 blandam
995 4288 1174 4353 civitatibus
1198 4288 1373 4373 tranquilli·

355 4414 451 4470 tatem
474 4408 593 4472 sincera
616 4416 718 4473 mente
742 4431 938 4494 propensum.
986 4406 1058 4472 Non
1079 4410 1196 4494 tingam
1213 4407 1372 4473 mendacio

356 4526 544 4591 orationem:
591 4528 779 4615 experientia
818 4536 1047 4613 cognoscuntur
1086 4528 1235 4593 homines.
1283 4526 1371 4608 Quae
1407 4529 1448 4589 30
