3725 5542
795 754 857 815 497

319 963 368 1016 tur
392 950 430 1015 ad
455 973 593 1028 carmen,
619 951 707 1035 cujus
732 950 821 1033 quasi
839 950 931 1014 flatus
949 951 1040 1015 undis
1057 952 1195 1037 lapillum
1213 952 1337 1017 obruat:

319 1078 525 1133 verumtamen
552 1088 672 1143 vereor,
693 1089 732 1130 ne
754 1066 811 1130 hoc
831 1068 922 1130 nimis
939 1069 1113 1151 quaesitum
1129 1070 1169 1133 sit
1185 1080 1215 1133 ct
1231 1093 1248 1133 a
1264 1070 1340 1134 Poe-

320 1202 368 1251 tae
392 1186 543 1250 sententia
566 1184 737 1249 abhorreat.
776 1184 814 1247 In
837 1187 1063 1269 comparatione
1087 1187 1225 1251 futurum
1248 1189 1338 1251 etiam

322 1304 446 1389 ponitur
469 1302 519 1366 Ol.
541 1301 606 1366 VII
629 1306 650 1365 4
673 1303 848 1383 δωρήσεται,
874 1303 1028 1385 quomodo
1052 1304 1102 1366 hic
1124 1306 1337 1371 κατακλύσσει.

370 1424 420 1484 15.
455 1420 552 1486 κεινὸν.
588 1419 807 1495 Communem,
830 1419 940 1482 victori
957 1420 1083 1504 ejusque
1100 1422 1233 1504 patriae:
1251 1424 1338 1505 eujus

324 1538 466 1623 deinceps
497 1536 605 1600 laudes
629 1544 848 1599 commemorat
872 1559 904 1598 vs
932 1538 981 1600 17.
1019 1535 1107 1600 Conf.
1132 1536 1182 1601 Ol.
1209 1536 1272 1601 VII
1296 1540 1338 1601 38

323 1654 403 1731 ξυνὸν
418 1655 506 1732 λόγον
521 1654 679 1733 Ἡρακλέος
694 1654 854 1732 εὐρυσθενεῖ
867 1653 964 1734 γέννρι.
988 1656 1095 1740 {Adros
1113 1664 1214 1719 autem
1228 1654 1362 1719 famam*

325 1771 508 1858 laudemque
533 1770 704 1855 significat,
729 1792 807 1854 quae
831 1792 868 1833 ex
892 1770 1078 1834 carminibus
1101 1772 1276 1855 proveniat:
1307 1780 1341 1837 ut

325 1890 367 1953 ibi
398 1888 449 1954 Ol.
473 1888 556 1965 VII,
581 1886 631 1952 Ol.
657 1886 674 1951 Ι
699 1890 762 1951 178
787 1896 817 1951 et
840 1888 972 1972 saepius.
1019 1887 1132 1952 Nescio
1156 1910 1218 1973 quo
1242 1912 1341 1953 errore

324 2008 356 2071 in
379 2006 631 2090 interpretatione
654 2003 767 2067 Latina
789 2005 897 2088 scripsi
921 2004 1080 2068 rationem.
1118 2007 1213 2070 Τίνειν
1237 2014 1339 2071 autem

324 2125 429 2202 λόγον,
462 2122 634 2207 persolvere
660 2124 825 2200 honorem,
851 2137 897 2186 est
922 2122 1056 2186 tribucre
1080 2144 1150 2186 eum
1174 2124 1337 2202 honorem,

326 2262 417 2324 quem
441 2240 537 2303 Poeta
560 2239 759 2325 promisisset.

374 2360 425 2423 17.
461 2358 539 2435 νέμει
562 2358 622 2437 γὰρ
645 2357 807 2437 Ἀτρέκεια.
843 2356 916 2421 Fuit
931 2356 1055 2439 quidem
1071 2358 1104 2420 in
1120 2356 1226 2419 Locris
1243 2357 1343 2420 claris·

327 2476 422 2539 simus
453 2474 556 2558 legum
586 2474 727 2537 conditor
748 2472 914 2550 Zaleucus,
940 2483 970 2536 et
994 2473 1143 2537 creditum
1169 2474 1247 2551 fuit,
1271 2472 1340 2537 illos

328 2594 441 2677 primos
473 2591 593 2676 legibus
625 2592 746 2675 scriptis
781 2614 852 2656 usos
882 2591 994 2654 fuisse:
1027 2589 1154 2668 Strabo,
1178 2590 1215 2655 L.
1240 2590 1287 2655 VI
1310 2614 1340 2676 p.

328 2710 410 2785 259,
436 2711 515 2786 260,
541 2707 622 2771 Alm.
646 2710 727 2784 897,
753 2710 828 2771 398.
854 2706 942 2771 Gonf.
968 2706 1003 2770 O.
1029 2706 1341 2793 G.Hey110,0puse.

326 2825 361 2889 ΙΙ
384 2849 414 2910 p.
442 2828 583 2891 12-73.
619 2824 726 2900 Plato,
751 2826 829 2889 Tim.
856 2828 896 2886 20
921 2847 957 2901 a,
980 2823 1113 2887 Locrida
1136 2824 1210 2889 dicit
1235 2826 1340 2890 urbem

324 2941 434 3007 Italiae
450 2943 574 3027 optimis
591 2942 710 3027 legibus
725 2943 911 3005 institutam.
941 2940 1110 3026 Oonjungit
1130 2950 1231 3006 antem
1248 2942 1342 3005 Poeta

325 3081 394 3123 cum
419 3056 587 3122 Locrorum
610 3058 702 3122 laude
722 3058 861 3143 justitiae
884 3057 991 3121 laudea
1016 3058 1127 3122 artium
1153 3066 1183 3122 et
1207 3058 1342 3123 bellicas.

325 3176 413 3241 cont.
439 3175 489 3239 Ol.
514 3175 562 3239 XI
587 3178 638 3239 18.
673 3175 720 3237 De
743 3174 860 3239 bellicis
884 3198 995 3259 magna
1018 3176 1098 3239 lama
1121 3176 1198 3253 luit,
1223 3176 1342 3240 devicto

325 3294 399 3359 olim
423 3295 461 3358 ad
485 3294 608 3379 Sagram
633 3294 760 3358 fiuvium
785 3295 902 3379 ingenti
926 3316 1054 3358 numero
1078 3293 1341 3358 crotoniatarum:

326 3410 452 3490 Strabo,
474 3435 503 3496 p.
521 3413 602 3489 261,
621 3411 702 3475 Alm.
720 3412 800 3475 400:
818 3409 940 3495 Heyne,
958 3409 1075 3495 Opuso.
1093 3408 1172 3493 Hp.
1192 3412 1248 3487 55,
1269 3412 1342 3474 184.

376 3532 425 3593 19.
460 3530 567 3607 Teates
596 3528 627 3593 δὲ
654 3529 788 3595 Κύκνεια.
824 3528 1015 3592 Scholiastac
1039 3536 1068 3592 ct
1092 3534 1345 3592 commentatores

326 3647 402 3711 haec
418 3646 457 3710 ad
473 3647 633 3729 sequentia
647 3645 834 3710 retulerunt:
852 3644 1072 3729 Agesidamum
1088 3654 1241 3709 certamen
1254 3644 1343 3708 initio

328 3784 417 3845 aegre
444 3762 625 3825 sustinuisse
648 3769 679 3824 et
701 3784 796 3847 paene
820 3760 1016 3845 profligatum
1041 3760 1152 3836 luisse,
1177 3782 1282 3823 verum
1307 3760 1344 3823 ab

327 3878 375 3942 Ilo
398 3878 563 3962 palaestrae
576 3879 732 3962 magistro
755 3879 917 3941 incitatum
935 3898 1128 3961 recuperasse
1145 3878 1221 3940 vires
1238 3884 1268 3940 et
1284 3876 1346 3941 ani·

325 4016 412 4059 mum
435 4005 466 4058 ct
489 3996 640 4058 exstitisse
665 3997 818 4059 victorem.
854 3993 971 4057 Verum
996 3993 1084 4058 aliter
1108 3994 1257 4058 existimo.
1283 3996 1346 4057 Au-

326 4111 446 4175 diamus
470 4110 659 4187 Pindarum,
684 4111 811 4175 Hieroni
837 4112 1044 4187 occinentem,
1069 4110 1124 4194 Py.
1148 4109 1184 4173 II
1208 4114 1250 4172 at

633 4229 665 4293 σὲ
692 4230 717 4291 l*
739 4226 760 4292 ὦ
784 4229 962 4306 Δεινομένειε
986 4236 1045 4293 rat

574 4349 705 4429 Ζεφυρία
727 4347 781 4426 πρὸ
804 4346 898 4422 δόμων

575 4464 677 4546 Λοκρὶς
700 4465 834 4543 παρθένος
858 4464 963 4547 ἀπύει,
