3725 5542
970 676 1035 740 812

500 876 672 961 templatio‚
705 878 748 940 ita
777 877 827 941 hic
858 877 940 961 apud
971 877 1138 943 Pindarum
1161 878 1277 961 aliquid
1301 902 1366 942 esse
1389 879 1504 955 simile,

501 1018 595 1079 quum
620 996 719 1079 justas
744 994 946 1060 Radamanthi
969 997 1135 1061 sententias
1157 996 1297 1061 celebret.
1345 994 1412 1059 Nee
1434 1019 1506 1060 sane

500 1114 538 1177 ab
562 1136 666 1178 eorum
689 1114 824 1198 gaudiis,
852 1114 904 1199 qui
929 1137 983 1199 per
1005 1115 1063 1178 tria
1085 1115 1216 1178 vitarum
1239 1114 1336 1199 spatia
1361 1114 1399 1179 ab
1422 1114 1506 1178 omni

500 1232 652 1317 injustitia
683 1232 918 1310 abstinuissent,
946 1233 1085 1318 justitiae
1112 1233 1231 1297 fructus
1254 1232 1358 1297 abesse
1381 1232 1505 1309 debuit,

502 1374 601 1434 neque
624 1350 709 1414 illius
727 1351 840 1436 judicis
864 1350 1062 1437 praesidium,
1086 1354 1139 1435 qui
1162 1351 1233 1415 talis
1255 1351 1349 1415 fnisse
1372 1351 1508 1418 tradeba-

503 1480 571 1552 tur,
604 1476 640 1532 ut
669 1478 699 1531 ct
730 1468 910 1534 mortalibus
941 1469 1086 1554 inclytam
1108 1478 1346 1555 perpetuamque
1368 1470 1507 1555 justitiae

503 1587 679 1653 memoriam
702 1588 900 1673 relinqueret,
925 1596 957 1653 et
978 1590 1080 1674 ipsum
1104 1598 1210 1674 postea
1231 1587 1366 1653 Cronum
1387 1586 1507 1674 adjuva

503 1716 549 1771 ret
571 1708 603 1771 in
627 1707 784 1772 beatorum
807 1706 953 1772 beatitate
975 1707 1099 1773 tuenda.

548 1827 619 1889 142.
655 1826 769 1899 Πηλεύς
794 1850 827 1889 τε
849 1825 897 1890 acl
922 1825 1049 1903 Κάδμος.
1083 1824 1223 1889 Ilortasse
1247 1824 1279 1887 hi
1301 1824 1365 1888 dno
1388 1823 1502 1888 idcirco

502 1944 664 2029 praecipue
687 1952 907 2021 memorantur,
932 1944 1015 2029 qnod
1037 1944 1114 2008 alter
1136 1944 1226 2007 fuerit
1248 1943 1364 2029 patriae
1379 1942 1505 2006 Pindari

503 2062 659 2139 conditor,
692 2061 816 2127 alterius
845 2084 915 2126 vero
935 2063 1079 2127 memoria
1093 2062 1222 2126 maxime
1237 2062 1401 2146 conjuncta
1416 2060 1508 2125 fuerit

504 2203 574 2245 oum
605 2181 739 2265 Aegina,
771 2202 862 2265 quam
894 2180 1047 2245 Pindarus
1069 2181 1177 2246 dilexit
1199 2181 1318 2245 eximie.
1363 2179 1454 2244 Certe
1476 2180 1507 2244 in

504 2299 635 2364 carmine
658 2299 770 2384 Pythio
793 2298 844 2363 Ill
868 2299 1002 2364 Cadmus
1025 2309 1056 2365 et
1077 2300 1187 2365 Peleus
1210 2321 1381 2384 supremam
1404 2297 1509 2399 dicun·

504 2427 555 2482 tur
578 2418 718 2483 habuisse
742 2420 914 2491 mortalium
936 2419 1130 2498 felicitatem,
1145 2420 1265 2504 ipsique
1281 2419 1333 2482 Dii
1347 2418 1387 2482 ad
1402 2440 1506 2481 eornm

504 2539 619 2603 venisse
642 2538 789 2602 convivia
840 2540 911 2603 156.

552 2658 623 2720 143.
658 2656 819 2737 Ἀχιλλέα.
854 2655 935 2721 Sunt
964 2658 1019 2741 qui
1041 2656 1110 2721 ideo
1128 2664 1237 2741 putent
1251 2655 1389 2721 Thetidis
1405 2678 1508 2742 preces

503 2776 749 2853 commemorari,
785 2774 869 2860 quod
903 2775 969 2839 sinc
1003 2776 1041 2839 iis
1070 2774 1192 2861 Jupiter
1222 2775 1371 2839 Achillem
1399 2774 1509 2839 insulis

504 2893 660 2959 beatorum
691 2893 885 2970 exclusisset,
917 2903 1041 2979 propter
1072 2893 1234 2958 Hectorem
1264 2894 1456 2959 interfectum
1479 2902 1510 2957 et

504 3012 659 3077 crudelius
681 3020 861 3077 tractatum:
887 3013 983 3098 possis
1007 3012 1132 3092 addere,
1156 3034 1217 3077 non
1241 3013 1332 3077 modo
1348 3011 1510 3078 Hectorem

504 3132 597 3195 luisse
621 3154 723 3195 aarum
746 3131 831 3209 Jovi,
856 3154 960 3196 rerum
980 3142 1135 3217 praeterea
1150 3131 1287 3216 Cycnum
1302 3131 1397 3195 luisse
1411 3131 1510 3196 filium

505 3250 658 3337 Neptuni,
690 3260 720 3316 et
749 3251 944 3316 Memnonem
972 3252 1153 3335 Aethiopem
1176 3250 1269 3315 fnisse
1292 3250 1389 3316 filium
1413 3252 1510 3315 Auro

504 3392 570 3433 rac:
595 3392 667 3455 ergo
691 3369 844 3435 Achillem
867 3371 899 3435 in
922 3393 958 3434 ea
972 3369 1039 3434 loca
1055 3393 1119 3435 osse
1134 3378 1309 3455 receptum,
1325 3392 1510 3456 quamquam

504 3496 627 3572 propter
657 3487 763 3551 caedes
795 3487 863 3551 illas
890 3497 921 3553 et
942 3488 1031 3567 Jori,
1056 3498 1087 3553 et
1109 3487 1273 3573 Neptuno,
1298 3499 1329 3552 et
1352 3491 1509 3566 Aurorae,

493 3605 536 3695 jd
570 3614 617 3670 est
651 3606 750 3670 tribus
784 3606 867 3685 Diis,
904 3606 1118 3692 displicuisset.
1165 3606 1271 3692 Longe
1306 3616 1412 3672 cont-ra
1445 3630 1510 3671 esse

504 3725 653 3789 existimo.
678 3725 809 3790 Hectore
825 3726 950 3810 quidem
965 3735 1086 3791 mortuo
1101 3725 1237 3791 vexando
1252 3728 1327 3812 ipsis
1339 3726 1407 3791 Diis
1421 3727 1508 3791 illum

505 3842 699 3929 displicuisse
723 3842 875 3908 Homerus
897 3844 1049 3930 prodidit:
1074 3854 1227 3909 ettamen
1251 3845 1336 3909 illam
1351 3844 1511 3910 crudelito

505 3969 568 4026 tem
599 3984 661 4025 non
692 3962 902 4027 crudelitatem
935 3964 1038 4048 potius
1068 3962 1278 4049 appellandam
1309 3963 1360 4027 Dii
1384 3970 1509 4050 putant,

507 4080 560 4145 sed
591 4080 690 4145 lnctui
720 4082 809 4167 quasi
839 4082 1036 4147 immoderato
1068 4090 1191 4169 propter
1217 4085 1349 4147 amicum
1371 4092 1511 4167 suscepto

508 4198 716 4289 tribuendam:
740 4198 779 4263 Il.
804 4199 913 4263 XXIV
937 4203 989 4265 33.
1030 4204 1130 4287 Atque
1151 4201 1247 4286 ipsius
1262 4203 1328 4287 ejus
1344 4202 1510 4267 vexationis

507 4316 590 4401 apud
612 4316 778 4381 Pindarum
802 4320 916 4383 mentio
939 4320 1024 4384 nulla
1046 4328 1102 4385 est.
1148 4319 1290 4384 Hectoris
1312 4326 1343 4383 et
1365 4318 1461 4404 Cycni
1479 4328 1511 4383 et

509 4435 681 4501 Memnonis
713 4437 817 4503 caedes
849 4439 879 4503 in
904 4437 1047 4503 laudibus
1071 4438 1200 4503 Achillis
1223 4447 1379 4523 ponuntur
1401 4460 1419 4501 a
1439 4436 1511 4501 Pin·
