3725 5542
799 706 862 769 317

330 906 520 973 conviciandi
553 906 734 993 significatio
765 914 828 985 est,
852 905 906 970 sed
928 913 1048 971 tantum
1072 905 1201 971 canendi
1224 904 1271 969 vel
1293 904 1337 969 lo

330 1026 461 1110 quendi‚
495 1025 579 1090 velut
614 1024 663 1090 Ol.
695 1025 766 1089 15.
814 1023 923 1110 Neque
957 1024 1142 1109 praepositio
1176 1024 1244 1102 πρός
1278 1024 1337 1089 hoc

329 1146 396 1209 loco
420 1144 541 1209 videtur
565 1144 638 1209 mihi
662 1144 839 1209 inimicitiae
859 1143 974 1209 habere
990 1143 1258 1228 significationem,
1283 1144 1336 1207 sed
1439 1202 1443 1211 .

330 1264 580 1348 comparationis:
616 1262 756 1327 similiter
790 1262 904 1327 Herod.
940 1261 994 1326 HI
1027 1264 1069 1325 34
1104 1262 1177 1334 κοῖός
1199 1287 1243 1334 τις
1266 1264 1335 1342 ἀνὴρ

330 1382 397 1464 πρὸς
427 1382 475 1446 τὸν
505 1382 621 1462 πατέρα
651 1386 755 1463 Κῦρονε
788 1380 887 1465 qualis
910 1382 973 1458 vir,
998 1381 1025 1445 si
1049 1389 1242 1466 comparetur
1265 1404 1334 1445 cum

330 1509 415 1587 patre
439 1498 535 1585 Cyro:
559 1498 653 1586 Soph.
677 1502 751 1565 Ant.
780 1502 863 1565 1170

595 1619 687 1684 τᾶλλ’
711 1622 902 1697 {chanaaei
925 1623 1010 1691 σκιᾶς

298 1826 299 1829 ¹
506 1741 556 1804 οὐκ
579 1737 616 1804 ἂν
638 1738 776 1815 accolunt
798 1738 875 1820 ἀνδρὶ
899 1738 967 1820 πρὸς
989 1741 1042 1813 τὴν
1065 1738 1171 1816 ἡδονήν.

331 1856 498 1935 Aristoma,
528 1856 620 1941 Phys.
652 1855 688 1921 L.
718 1856 793 1922 IC.
830 1860 845 1921 1
876 1858 997 1923 πέπονθε
1024 1859 1054 1921 δὲ
1076 1856 1168 1923 ταύτὸ
1190 1851 1274 1923 rotro
1296 1858 1337 1923 rol

330 1974 461 2053 ὀνόματα
483 1975 549 2055 πρὸς
570 1976 618 2039 τὸν
640 1975 737 2052 λόγον.

378 2096 450 2159 160.
489 2092 557 2157 Jam
582 2102 745 2179 postquam
768 2116 801 2157 vs
829 2096 889 2157 102
915 2094 952 2158 ab
975 2094 1086 2159 eximia
1107 2094 1197 2159 laude
1221 2103 1253 2160 et
1274 2094 1338 2159 leli-

331 2212 422 2276 citate
445 2210 592 2276 Theronis
615 2212 704 2276 initia
727 2211 806 2297 cepit
829 2210 923 2277 Poeta
939 2212 1133 2298 praedicandi
1149 2213 1253 2278 futura
1267 2220 1338 2298 post

331 2340 459 2395 mortem
490 2331 613 2395 virtutis
643 2331 790 2415 praemia,
826 2354 918 2417 seque
942 2331 1080 2397 cohibuit
1102 2332 1141 2398 ah
1164 2332 1339 2418 importuna

332 2449 364 2515 iu
387 2450 478 2516 rebus
508 2450 602 2514 tantis
626 2450 813 2515 celebrandis
840 2450 1044 2535 loquacitate,
1068 2452 1147 2517 redit
1169 2452 1208 2516 ad
1231 2474 1340 2538 propo·

334 2570 426 2633 situm
457 2568 603 2633 laudandi
634 2568 793 2633 Theronis,
839 2568 881 2633 Ilt
903 2570 1013 2655 partim
1036 2571 1068 2635 in
1092 2570 1196 2635 eadem
1219 2570 1340 2635 dicendi

335 2688 431 2773 figura
458 2694 576 2763 manet,
609 2708 698 2771 quam
731 2687 834 2772 attigit
864 2710 897 2761 vs
931 2691 1011 2767 150,
1041 2711 1138 2773 quum
1160 2690 1287 2774 sagittas
1310 2696 1341 2753 ct

336 2805 506 2891 pharetram
540 2812 802 2871 commemoraret:
833 2806 945 2891 partim
975 2807 1055 2872 redit
1081 2808 1118 2872 ad
1142 2808 1270 2893 figuram
1296 2810 1341 2873 in·

335 2926 565 3010 terrogationis‚
590 2948 650 3010 qua
673 2947 746 2989 usus
770 2933 816 2989 cst
838 2926 870 2990 in
893 2927 982 2991 initio
1005 2928 1156 2992 carminis.

381 3046 453 3108 166.
490 3042 655 3121 citatarum
698 3042 816 3107 Pariter
839 3044 914 3109 hacc
939 3045 1039 3109 media
1061 3046 1158 3110 forma
1180 3055 1272 3130 atquc
1295 3068 1341 3109 ac·

336 3162 400 3226 tiva
428 3162 562 3247 ponitur.
614 3160 708 3225 Velut
737 3162 791 3247 Py.
824 3162 869 3225 IV
901 3166 965 3228 412
999 3164 1196 3235 xildcarrcc:
1230 3164 1339 3228 Aesch.

336 3280 424 3345 Ilum.
449 3283 512 3344 380
537 3281 637 3361 ἀχλὺν
662 3280 790 3346 αὐδᾶται
812 3282 915 3363 <botran

380 3400 527 3480 Ἔνόρκιον.
551 3396 597 3463 (tf.
622 3397 673 3463 Ol.
697 3398 744 3463 VI
767 3402 818 3465 34.

384 3520 456 3583 168.
480 3520 591 3585 ἑκατόν.
615 3518 785 3584 Scholiasta
800 3529 887 3584 vetus
898 3520 1082 3608 Olympiade
1096 3522 1123 3586 L
1136 3524 1338 3609 Agrigentum

337 3638 493 3704 conditum
525 3661 589 3703 csse
620 3637 711 3718 dicit,
735 3638 905 3704 Theronem
929 3641 1036 3705 vicisse
1058 3640 1108 3706 Ol.
1133 3640 1269 3706 LXXVI
1294 3644 1339 3708 vel

337 3756 506 3822 LXXVII:
532 3781 603 3844 ergo
627 3766 748 3823 centum
772 3768 905 3844 quatuor
928 3782 1024 3824 anuos
1047 3761 1220 3826 interfuisse
1244 3785 1262 3826 a
1283 3764 1342 3848 pri·

337 3878 463 3943 mordiis
494 3880 558 3965 ejus
590 3878 673 3944 urbis
705 3880 742 3945 ad
771 3895 892 3966 tempus
916 3902 1074 3965 praesens,
1099 3881 1151 3945 sed
1176 3880 1342 3947 Pindarum

339 3998 476 4083 posuisse
506 4020 664 4064 numerum
694 3999 863 4065 rotundum
880 3994 1105 4064 'uenenarium
1151 3998 1270 4081 Quodsi
1293 4024 1344 4065 au-

338 4123 402 4180 tem
423 4116 550 4180 victoria
572 4115 721 4183 Theronis
742 4118 802 4183 fuit
825 4117 875 4184 Ol.
896 4117 1067 4183 LXXVII:
1091 4142 1237 4184 numerus
1252 4142 1344 4184 anno

339 4258 408 4299 rum
439 4235 593 4301 invenitur
623 4242 746 4300 ceritum
777 4246 808 4301 at
836 4246 915 4301 octo.
963 4238 1062 4322 httigi
1089 4237 1167 4302 hauc
1190 4246 1345 4324 computa-

340 4353 454 4417 tionem
478 4352 510 4417 in
534 4352 663 4417 introitu
686 4354 884 4419 enarrationis
901 4354 993 4441 hujus
1009 4357 1164 4435 carminis,
1181 4379 1250 4442 pag.
1269 4359 1344 4420 289.

344 4470 457 4536 Verum
488 4472 525 4536 ad
554 4474 646 4559 ipsam
679 4473 771 4559 hujus
802 4475 861 4539 loci
886 4476 1117 4562 intelligentiam
1141 4478 1215 4543 haec
1237 4498 1344 4562 parum
