3725 5542
1022 726 1086 787 ola

545 949 676 991 carmen.
723 926 886 1005 Genitivus
907 926 1021 1003 μελέων
1044 925 1225 1010 adjungitur
1249 927 1398 993 vocabulo
1422 934 1539 1003 μολπά.

592 1045 666 1106 101.
700 1044 771 1119 παρ’
793 1042 895 1107 εὐκλέϊ
917 1043 1020 1123 Δίρκᾳ.
1056 1042 1170 1105 Dircen
1194 1044 1288 1107 fuisse
1305 1044 1421 1111 fontem
1436 1047 1469 1111 in
1487 1070 1561 1133 agro
1670 1034 1671 1059 ¹

544 1158 710 1234 Thebano,
741 1164 867 1242 propter
898 1180 988 1240 quem
1016 1158 1081 1241 ipse
1105 1156 1257 1220 Pindarus
1280 1158 1318 1220 ab
1344 1158 1474 1223 Horatio
1496 1160 1561 1223 dic-

543 1285 596 1339 tus
618 1277 659 1338 sit
681 1275 829 1338 Dircaeus
851 1296 987 1358 cygnus,
1012 1273 1049 1337 L.
1074 1272 1122 1336 IV
1144 1272 1205 1337 Od.
1229 1274 1265 1337 Π
1289 1278 1350 1353 25,
1376 1278 1450 1341 satis
1474 1286 1558 1342 certe
1670 1290 1671 1295 ’

543 1400 653 1455 notum
675 1388 747 1456 ests
766 1390 884 1455 Verum
906 1390 947 1454 ad
972 1414 1042 1455 eum
1065 1391 1181 1455 fontem
1206 1393 1341 1457 carmina
1363 1415 1431 1457 sero
1455 1394 1563 1477 Agesi-

541 1509 633 1572 dame
655 1509 834 1593 apparuisse
853 1507 938 1571 dicit.
976 1511 1080 1594 Atque
1096 1507 1155 1573 boc
1169 1531 1218 1572 mc
1234 1509 1393 1587 admonet,
1411 1520 1447 1575 nt
1462 1533 1562 1595 panca
1670 1508 1671 1545 l

542 1626 672 1690 scribam
704 1624 743 1688 dc
773 1624 944 1689 multorum
972 1626 1174 1709 interpretum
1198 1648 1234 1689 ea
1256 1648 1348 1703 cura,
1373 1649 1436 1711 qua
1459 1628 1563 1711 iuqui-
1670 1692 1671 1713 p

540 1752 610 1807 rant
640 1742 778 1806 studiose
809 1750 840 1805 et
866 1741 1033 1806 ostendant
1055 1742 1123 1805 loca
1146 1765 1181 1806 ac
1204 1752 1361 1829 tempora,
1386 1746 1473 1828 queis
1496 1746 1562 1809 sin·
1670 1772 1671 1777 ¹

541 1860 615 1945 gula
638 1859 763 1924 Pindari
787 1860 923 1923 carmina
945 1866 1068 1923 cantata
1091 1860 1170 1923 sint:
1198 1882 1296 1943 quum
1319 1862 1363 1923 ita
1379 1860 1505 1925 Poetam
1524 1884 1561 1925 ea

540 1978 702 2063 perfecisse
733 1984 765 2040 et
795 1976 967 2040 elaborasse
991 1976 1182 2054 existiment,
1206 1986 1243 2041 ut
1266 2000 1302 2041 ea
1324 1979 1415 2041 certis
1439 2001 1560 2063 semper

540 2094 824 2180 opportunitatibus
847 2094 1024 2159 destinaret.
1063 2094 1172 2178 Neque
1196 2116 1253 2179 ego
1276 2117 1342 2159 eam
1366 2118 1472 2160 curam
1488 2118 1560 2160 con·
1670 2150 1671 2157 ,

540 2220 660 2276 temno:
692 2233 749 2275 nec
780 2209 951 2295 quidquam
984 2213 1069 2296 parvi
1103 2212 1199 2289 facio,
1232 2211 1316 2294 quod
1344 2212 1383 2277 ad
1406 2212 1558 2277 rationem
1670 2174 1671 2207 i

540 2330 710 2394 carminum
734 2328 860 2393 Pindari
883 2330 1036 2412 pertineat
1059 2329 1285 2393 illustrandam.
1321 2328 1437 2394 Verum
1459 2352 1557 2412 quan·
1670 2400 1671 2421 p

541 2447 643 2532 doque
665 2446 751 2510 illam
775 2468 877 2509 curam
901 2446 1015 2509 trustra
1038 2470 1103 2510 esse
1127 2446 1273 2511 arbitror:
1299 2454 1393 2531 atque
1409 2448 1467 2511 hoc
1482 2470 1559 2513 sanc
1670 2442 1671 2493 l

541 2564 619 2627 mibi
640 2572 779 2636 constare
799 2563 933 2638 videtur,
952 2563 1076 2627 minime
1092 2564 1125 2627 in
1141 2565 1251 2647 quovis
1267 2563 1401 2629 carmine
1416 2564 1559 2628 faciendo

542 2680 630 2744 illum
655 2680 804 2765 ejusmodi
827 2681 983 2744 intentum
1007 2680 1102 2744 fuisse
1124 2681 1299 2765 proposito,
1324 2680 1378 2744 sed
1401 2690 1557 2765 spectasse
1670 2694 1671 2729 l

541 2800 666 2863 victoris
688 2799 815 2883 gandia,
840 2799 866 2861 si
888 2781 996 2863 laudes
1020 2822 1037 2861 a
1058 2820 1090 2861 se
1107 2798 1276 2883 praeclaras
1291 2800 1457 2883 acciperet,
1474 2820 1560 2883 speo-

541 2925 623 2980 tasse
652 2917 768 3001 patriae
796 2917 922 2980 victoris
956 2916 1102 3000 gloriam,
1126 2924 1278 3001 spectasse
1299 2915 1430 2979 landum
1452 2937 1558 2979 earum

543 3034 671 3118 ejusque
695 3034 811 3116 gloriae
825 3042 855 3097 et
870 3054 997 3097 suorum
1014 3032 1183 3096 carminum
1200 3032 1422 3095 aeternitatem.
1465 3031 1560 3095 Certe

544 3172 580 3214 ea
609 3172 673 3213 non
702 3149 741 3213 ad
768 3149 859 3213 breve
882 3157 1005 3234 tempus
1028 3150 1164 3233 gustari,
1188 3149 1241 3212 sed
1265 3150 1451 3234 sempiterna
1474 3171 1561 3233 prae·
1670 3152 1671 3203 Ὗ

543 3268 633 3331 conia
655 3289 720 3331 asse
743 3266 859 3329 voluit:

698 3382 878 3461 μελιγάρυες
901 3380 981 3457 ὕμνοι
1006 3382 1245 3461 detricesimo>
1269 3384 1383 3459 adrosa·

543 3502 594 3566 01.
619 3500 668 3565 xl
692 3504 722 3563 5.
757 3499 799 3564 Bt
821 3500 880 3563 boc
903 3499 1028 3585 quidem
1049 3499 1115 3563 loco
1131 3522 1193 3564 non
1211 3499 1249 3563 ad
1267 3508 1385 3564 certum
1400 3500 1558 3584 quoddam

542 3619 716 3683 convivium
748 3625 802 3682 aut
832 3617 968 3701 aliquam
999 3637 1128 3680 coronae
1160 3618 1363 3701 portationem
1388 3617 1557 3682 ornandam

542 3757 662 3799 carmen
695 3736 846 3819 pertinere
877 3732 1035 3797 videmus:
1068 3756 1124 3797 nec
1155 3734 1279 3818 scripsit
1302 3733 1414 3810 Poeta,
1438 3742 1475 3797 ut
1500 3736 1558 3798 boc

542 3873 681 3936 quoque,
695 3850 834 3934 quamvis
845 3851 1002 3914 minutum
1015 3849 1165 3927 videatur,
1179 3851 1347 3927 attendam,
1361 3855 1430 3931 παρ’
1441 3852 1557 3923 εὐθέος

475 3963 481 3974 ’
542 3971 668 4049 Δίρκας,
699 3970 788 4051 quasi
812 3969 907 4031 missa
927 3966 1000 4031 inde
1024 3969 1172 4045 carmina,
1196 3968 1249 4031 sed
1272 3970 1356 4048 παρὰ
1381 3970 1489 4047 ΔΙρκᾳτ
1512 3966 1557 4033 ibi

542 4110 561 4150 a
590 4086 725 4150 Pindaro
757 4085 882 4149 condita
912 4095 1138 4170 apparuerunt,
1171 4094 1305 4169 suntque
1337 4087 1444 4150 victori
1467 4089 1557 4169 quasi

542 4225 609 4269 sero
638 4212 711 4267 nata
741 4225 778 4266 ex
809 4225 903 4267 uxore
926 4204 1087 4288 progenies
1111 4204 1203 4266 etiam
1226 4205 1376 4267 morituro
1399 4202 1554 4269 solatium.

542 4320 683 4384 Proiecto
705 4319 847 4404 quidem,
872 4322 898 4383 si
922 4320 981 4385 boc
1004 4342 1125 4384 carmen
1149 4320 1268 4384 solenni
1289 4322 1410 4386 cuidam
1428 4344 1556 4407 pompae
1670 4330 1671 4343 ¹

543 4438 591 4503 vel
620 4437 713 4502 alicui
742 4439 786 4503 rei
809 4438 902 4502 simili
926 4437 1067 4503 debitum
1092 4438 1216 4515 fuisset,
1241 4460 1341 4523 neque
1364 4438 1395 4503 iu
1421 4447 1555 4525 ternpore
