<?xml version="1.0" encoding="UTF-8"?>
<!DOCTYPE html PUBLIC "-//W3C//DTD XHTML 1.0 Transitional//EN"
    "http://www.w3.org/TR/xhtml1/DTD/xhtml1-transitional.dtd">
<html xmlns="http://www.w3.org/1999/xhtml" xml:lang="en" lang="en">
 <head>
  <title>
</title>
<meta http-equiv="Content-Type" content="text/html;charset=utf-8" />
  <meta name='ocr-system' content='tesseract 3.04.00' />
  <meta name='ocr-capabilities' content='ocr_page ocr_carea ocr_par ocr_line ocrx_word'/>
</head>
<body>
  <div class='ocr_page' id='page_1' title='image "./pindaricarminao01pindgoog_0383.png"; bbox 0 0 3725 5542; ppageno 0'>
   <div class='ocr_carea' id='block_1_1' title="bbox 833 744 895 804">
    <p class='ocr_par' dir='ltr' id='par_1_1' title="bbox 833 744 895 804">
     <span class='ocr_line' id='line_1_1' title="bbox 833 744 895 804; baseline 0 0"><span class='ocrx_word' id='word_1_1' title='bbox 833 744 895 804; x_wconf 79' lang='grc'><strong>369</strong></span> 
     </span>
    </p>
   </div>
   <div class='ocr_carea' id='block_1_2' title="bbox 360 940 1459 2576">
    <p class='ocr_par' dir='ltr' id='par_1_2' title="bbox 361 940 1459 1623">
     <span class='ocr_line' id='line_1_2' title="bbox 361 940 1459 1027; baseline 0.004 -22"><span class='ocrx_word' id='word_1_2' title='bbox 361 940 388 1005; x_wconf 80' lang='grc' dir='ltr'>Ε</span> <span class='ocrx_word' id='word_1_3' title='bbox 407 942 504 1023; x_wconf 71' lang='grc' dir='ltr'><strong><em>ῥᾳδίως</em></strong></span> <span class='ocrx_word' id='word_1_4' title='bbox 522 942 556 1007; x_wconf 82' lang='grc' dir='ltr'><strong>τὸ</strong></span> <span class='ocrx_word' id='word_1_5' title='bbox 575 952 668 1023; x_wconf 72' lang='grc' dir='ltr'><em>γῆρας</em></span> <span class='ocrx_word' id='word_1_6' title='bbox 687 944 799 1022; x_wconf 65' lang='lat' dir='ltr'><strong>otnero,</strong></span> <span class='ocrx_word' id='word_1_7' title='bbox 820 944 883 1006; x_wconf 82' lang='lat'><strong>330</strong></span> <span class='ocrx_word' id='word_1_8' title='bbox 902 945 1089 1023; x_wconf 75' lang='grc' dir='ltr'><strong><em>Αχκλετῶς</em></strong></span> <span class='ocrx_word' id='word_1_9' title='bbox 1105 943 1137 1007; x_wconf 79' lang='grc' dir='ltr'><strong>τὸ</strong></span> <span class='ocrx_word' id='word_1_10' title='bbox 1153 952 1246 1025; x_wconf 61' lang='grc' dir='ltr'><em>γῆρας</em></span> <span class='ocrx_word' id='word_1_11' title='bbox 1261 946 1366 1027; x_wconf 77' lang='grc' dir='ltr'><em>φέρειν.</em></span> <span class='ocrx_word' id='word_1_12' title='bbox 1457 956 1459 959; x_wconf 82' lang='grc'><strong>’</strong></span> 
     </span>
     <span class='ocr_line' id='line_1_3' title="bbox 361 1060 1368 1150; baseline 0.003 -26"><span class='ocrx_word' id='word_1_13' title='bbox 361 1060 429 1125; x_wconf 87' lang='lat' dir='ltr'><strong>Hoc</strong></span> <span class='ocrx_word' id='word_1_14' title='bbox 452 1084 522 1126; x_wconf 89' lang='lat' dir='ltr'><strong>vero</strong></span> <span class='ocrx_word' id='word_1_15' title='bbox 545 1061 669 1127; x_wconf 86' lang='lat' dir='ltr'><strong>Pindari</strong></span> <span class='ocrx_word' id='word_1_16' title='bbox 692 1062 760 1125; x_wconf 89' lang='lat' dir='ltr'><strong>loco</strong></span> <span class='ocrx_word' id='word_1_17' title='bbox 782 1084 844 1125; x_wconf 91' lang='lat' dir='ltr'><strong>nou</strong></span> <span class='ocrx_word' id='word_1_18' title='bbox 868 1068 914 1125; x_wconf 90' lang='lat' dir='ltr'><strong>est</strong></span> <span class='ocrx_word' id='word_1_19' title='bbox 936 1062 1052 1145; x_wconf 64' lang='grc' dir='ltr'><strong>ῥᾳδίως,</strong></span> <span class='ocrx_word' id='word_1_20' title='bbox 1076 1062 1129 1126; x_wconf 89' lang='lat' dir='ltr'><strong>sed</strong></span> <span class='ocrx_word' id='word_1_21' title='bbox 1144 1063 1277 1139; x_wconf 67' lang='lat' dir='ltr'><strong>tritones:</strong></span> <span class='ocrx_word' id='word_1_22' title='bbox 1296 1087 1368 1150; x_wconf 91' lang='lat' dir='ltr'><strong>qua-</strong></span> 
     </span>
     <span class='ocr_line' id='line_1_4' title="bbox 362 1182 1369 1267; baseline 0.004 -24"><span class='ocrx_word' id='word_1_23' title='bbox 362 1188 485 1266; x_wconf 88' lang='lat' dir='ltr'><strong>propter</strong></span> <span class='ocrx_word' id='word_1_24' title='bbox 509 1189 610 1245; x_wconf 89' lang='lat' dir='ltr'><strong>tamen</strong></span> <span class='ocrx_word' id='word_1_25' title='bbox 634 1204 683 1260; x_wconf 88' lang='lat' dir='ltr'><strong>ea,</strong></span> <span class='ocrx_word' id='word_1_26' title='bbox 705 1182 842 1267; x_wconf 88' lang='lat' dir='ltr'><strong>quamvis</strong></span> <span class='ocrx_word' id='word_1_27' title='bbox 859 1204 965 1266; x_wconf 86' lang='lat' dir='ltr'><strong>parva,</strong></span> <span class='ocrx_word' id='word_1_28' title='bbox 983 1183 1214 1267; x_wconf 83' lang='lat' dir='ltr'><strong>significationis</strong></span> <span class='ocrx_word' id='word_1_29' title='bbox 1231 1184 1369 1248; x_wconf 88' lang='lat' dir='ltr'><strong>differen-</strong></span> 
     </span>
     <span class='ocr_line' id='line_1_5' title="bbox 362 1298 1367 1385; baseline 0.004 -24"><span class='ocrx_word' id='word_1_30' title='bbox 362 1298 405 1362; x_wconf 85' lang='lat' dir='ltr'><strong>tia</strong></span> <span class='ocrx_word' id='word_1_31' title='bbox 428 1320 493 1363; x_wconf 87' lang='lat' dir='ltr'><strong>esse</strong></span> <span class='ocrx_word' id='word_1_32' title='bbox 516 1299 653 1364; x_wconf 86' lang='lat' dir='ltr'><strong>videtur:</strong></span> <span class='ocrx_word' id='word_1_33' title='bbox 682 1301 773 1364; x_wconf 85' lang='lat' dir='ltr'><strong>etiam</strong></span> <span class='ocrx_word' id='word_1_34' title='bbox 797 1300 869 1385; x_wconf 91' lang='lat' dir='ltr'><strong>quia</strong></span> <span class='ocrx_word' id='word_1_35' title='bbox 892 1299 1071 1385; x_wconf 86' lang='lat' dir='ltr'><strong>adjunctum</strong></span> <span class='ocrx_word' id='word_1_36' title='bbox 1095 1307 1142 1364; x_wconf 91' lang='lat' dir='ltr'><strong>est</strong></span> <span class='ocrx_word' id='word_1_37' title='bbox 1164 1303 1192 1373; x_wconf 73' lang='grc' dir='ltr'><strong>ἐς</strong></span> <span class='ocrx_word' id='word_1_38' title='bbox 1215 1303 1367 1367; x_wconf 64' lang='grc' dir='ltr'><strong><em>τελευτάν.</em></strong></span> 
     </span>
     <span class='ocr_line' id='line_1_6' title="bbox 363 1417 1366 1503; baseline 0.004 -23"><span class='ocrx_word' id='word_1_39' title='bbox 363 1417 427 1481; x_wconf 83' lang='lat' dir='ltr'><strong>Alii</strong></span> <span class='ocrx_word' id='word_1_40' title='bbox 449 1418 544 1499; x_wconf 77' lang='grc' dir='ltr'><em>Φέρειν</em></span> <span class='ocrx_word' id='word_1_41' title='bbox 566 1418 761 1483; x_wconf 84' lang='lat' dir='ltr'><strong>nanciscendi</strong></span> <span class='ocrx_word' id='word_1_42' title='bbox 775 1419 1027 1503; x_wconf 83' lang='lat' dir='ltr'><strong>significationem</strong></span> <span class='ocrx_word' id='word_1_43' title='bbox 1045 1419 1155 1484; x_wconf 90' lang='lat' dir='ltr'><strong>habere</strong></span> <span class='ocrx_word' id='word_1_44' title='bbox 1171 1420 1366 1485; x_wconf 80' lang='lat' dir='ltr'><strong>arbitrantur.</strong></span> 
     </span>
     <span class='ocr_line' id='line_1_7' title="bbox 407 1536 1369 1623; baseline 0.004 -24"><span class='ocrx_word' id='word_1_45' title='bbox 407 1536 582 1602; x_wconf 88' lang='lat' dir='ltr'><strong>Praeclarae</strong></span> <span class='ocrx_word' id='word_1_46' title='bbox 606 1546 706 1601; x_wconf 90' lang='lat' dir='ltr'><strong>autem</strong></span> <span class='ocrx_word' id='word_1_47' title='bbox 730 1544 761 1601; x_wconf 87' lang='lat' dir='ltr'><strong>et</strong></span> <span class='ocrx_word' id='word_1_48' title='bbox 782 1537 917 1602; x_wconf 80' lang='lat' dir='ltr'><strong>Pindaro</strong></span> <span class='ocrx_word' id='word_1_49' title='bbox 941 1537 1052 1622; x_wconf 79' lang='lat' dir='ltr'><strong>dignae</strong></span> <span class='ocrx_word' id='word_1_50' title='bbox 1075 1538 1132 1602; x_wconf 88' lang='lat' dir='ltr'><strong>hae</strong></span> <span class='ocrx_word' id='word_1_51' title='bbox 1149 1560 1251 1623; x_wconf 83' lang='lat' dir='ltr'><strong>preces</strong></span> <span class='ocrx_word' id='word_1_52' title='bbox 1267 1540 1369 1604; x_wconf 84' lang='lat' dir='ltr'><strong>existi·</strong></span> 
     </span>
    </p>

    <p class='ocr_par' dir='ltr' id='par_1_3' title="bbox 360 1656 1371 1981">
     <span class='ocr_line' id='line_1_8' title="bbox 362 1656 1370 1744; baseline 0.003 -24"><span class='ocrx_word' id='word_1_53' title='bbox 362 1656 490 1721; x_wconf 80' lang='lat' dir='ltr'><strong>mendae</strong></span> <span class='ocrx_word' id='word_1_54' title='bbox 512 1664 594 1720; x_wconf 88' lang='lat' dir='ltr'><strong>sunt.</strong></span> <span class='ocrx_word' id='word_1_55' title='bbox 630 1656 718 1735; x_wconf 78' lang='lat' dir='ltr'><strong>Fuit,</strong></span> <span class='ocrx_word' id='word_1_56' title='bbox 743 1665 779 1721; x_wconf 91' lang='lat' dir='ltr'><strong>ut</strong></span> <span class='ocrx_word' id='word_1_57' title='bbox 802 1656 940 1733; x_wconf 84' lang='lat' dir='ltr'><strong>videtur,</strong></span> <span class='ocrx_word' id='word_1_58' title='bbox 957 1656 1097 1721; x_wconf 79' lang='lat' dir='ltr'><strong>Pssumis</strong></span> <span class='ocrx_word' id='word_1_59' title='bbox 1110 1660 1172 1742; x_wconf 87' lang='lat' dir='ltr'><strong>jam</strong></span> <span class='ocrx_word' id='word_1_60' title='bbox 1190 1666 1287 1722; x_wconf 85' lang='lat' dir='ltr'><strong>aetate</strong></span> <span class='ocrx_word' id='word_1_61' title='bbox 1303 1682 1370 1744; x_wconf 84' lang='lat' dir='ltr'><strong>pro</strong></span> 
     </span>
     <span class='ocr_line' id='line_1_9' title="bbox 362 1775 1371 1863; baseline 0.003 -24"><span class='ocrx_word' id='word_1_62' title='bbox 362 1784 448 1841; x_wconf 86' lang='lat' dir='ltr'><strong>vecta</strong></span> <span class='ocrx_word' id='word_1_63' title='bbox 465 1785 495 1840; x_wconf 92' lang='lat' dir='ltr'><strong>et</strong></span> <span class='ocrx_word' id='word_1_64' title='bbox 513 1784 655 1861; x_wconf 83' lang='lat' dir='ltr'><strong>vergente</strong></span> <span class='ocrx_word' id='word_1_65' title='bbox 675 1776 712 1840; x_wconf 88' lang='lat' dir='ltr'><strong>ad</strong></span> <span class='ocrx_word' id='word_1_66' title='bbox 730 1784 925 1842; x_wconf 88' lang='lat' dir='ltr'><strong>senectutem.</strong></span> <span class='ocrx_word' id='word_1_67' title='bbox 955 1775 1093 1840; x_wconf 78' lang='lat' dir='ltr'><strong>Tristitia</strong></span> <span class='ocrx_word' id='word_1_68' title='bbox 1108 1778 1273 1841; x_wconf 81' lang='lat' dir='ltr'><strong>senectutis</strong></span> <span class='ocrx_word' id='word_1_69' title='bbox 1285 1778 1371 1863; x_wconf 88' lang='lat' dir='ltr'><strong>prole</strong></span> 
     </span>
     <span class='ocr_line' id='line_1_10' title="bbox 360 1894 1368 1981; baseline 0 -23"><span class='ocrx_word' id='word_1_70' title='bbox 360 1895 490 1959; x_wconf 88' lang='lat' dir='ltr'><strong>carentis</strong></span> <span class='ocrx_word' id='word_1_71' title='bbox 513 1895 546 1958; x_wconf 94' lang='lat' dir='ltr'><strong>in</strong></span> <span class='ocrx_word' id='word_1_72' title='bbox 569 1896 674 1959; x_wconf 89' lang='lat' dir='ltr'><strong>mortis</strong></span> <span class='ocrx_word' id='word_1_73' title='bbox 698 1896 922 1981; x_wconf 82' lang='lat' dir='ltr'><strong>exspectatione</strong></span> <span class='ocrx_word' id='word_1_74' title='bbox 945 1917 1085 1981; x_wconf 81' lang='lat' dir='ltr'><strong>expressa</strong></span> <span class='ocrx_word' id='word_1_75' title='bbox 1109 1904 1155 1959; x_wconf 87' lang='lat' dir='ltr'><strong>est</strong></span> <span class='ocrx_word' id='word_1_76' title='bbox 1178 1894 1228 1960; x_wconf 92' lang='lat' dir='ltr'><strong>Ol.</strong></span> <span class='ocrx_word' id='word_1_77' title='bbox 1250 1895 1279 1959; x_wconf 89' lang='lat' dir='ltr'>X</span> <span class='ocrx_word' id='word_1_78' title='bbox 1307 1899 1368 1960; x_wconf 80' lang='lat'><strong>106</strong></span> 
     </span>
    </p>

    <p class='ocr_par' dir='ltr' id='par_1_4' title="bbox 581 2016 907 2087">
     <span class='ocr_line' id='line_1_11' title="bbox 581 2016 907 2087; baseline 0 -8"><span class='ocrx_word' id='word_1_79' title='bbox 581 2016 644 2079; x_wconf 78' lang='grc' dir='ltr'><strong>ἐπεὶ</strong></span> <span class='ocrx_word' id='word_1_80' title='bbox 668 2022 792 2087; x_wconf 71' lang='grc' dir='ltr'><strong>πλοῦτος</strong></span> <span class='ocrx_word' id='word_1_81' title='bbox 815 2017 829 2080; x_wconf 85' lang='lat' dir='ltr'><strong>o&#39;</strong></span> <span class='ocrx_word' id='word_1_82' title='bbox 852 2030 907 2079; x_wconf 71' lang='lat' dir='ltr'><strong>aa·</strong></span> 
     </span>
    </p>

    <p class='ocr_par' dir='ltr' id='par_1_5' title="bbox 583 2135 1112 2216">
     <span class='ocr_line' id='line_1_12' title="bbox 583 2135 1112 2216; baseline 0.004 -19"><span class='ocrx_word' id='word_1_83' title='bbox 583 2135 644 2213; x_wconf 78' lang='grc' dir='ltr'><strong>χὼν</strong></span> <span class='ocrx_word' id='word_1_84' title='bbox 667 2136 791 2212; x_wconf 76' lang='grc' dir='ltr'><strong>ποιμένα</strong></span> <span class='ocrx_word' id='word_1_85' title='bbox 814 2136 939 2199; x_wconf 76' lang='grc' dir='ltr'><strong>ἐπακτὸν</strong></span> <span class='ocrx_word' id='word_1_86' title='bbox 962 2135 1112 2216; x_wconf 64' lang='grc' dir='ltr'><strong><em>ἀλλότριον</em></strong></span> 
     </span>
    </p>

    <p class='ocr_par' dir='ltr' id='par_1_6' title="bbox 362 2252 1372 2576">
     <span class='ocr_line' id='line_1_13' title="bbox 584 2252 985 2333; baseline 0.01 -17"><span class='ocrx_word' id='word_1_87' title='bbox 584 2252 731 2319; x_wconf 69' lang='lat' dir='ltr'><strong>tudonem</strong></span> <span class='ocrx_word' id='word_1_88' title='bbox 755 2254 985 2333; x_wconf 64' lang='grc' dir='ltr'><strong><em>στυγερώτατος.</em></strong></span> 
     </span>
     <span class='ocr_line' id='line_1_14' title="bbox 362 2368 1372 2459; baseline 0 -26"><span class='ocrx_word' id='word_1_89' title='bbox 362 2368 482 2449; x_wconf 78' lang='lat' dir='ltr'><strong>Quodsi</strong></span> <span class='ocrx_word' id='word_1_90' title='bbox 513 2370 638 2434; x_wconf 83' lang='lat' dir='ltr'><strong>fortasse</strong></span> <span class='ocrx_word' id='word_1_91' title='bbox 669 2394 769 2455; x_wconf 90' lang='lat' dir='ltr'><strong>nunc,</strong></span> <span class='ocrx_word' id='word_1_92' title='bbox 802 2372 906 2459; x_wconf 84' lang='lat' dir='ltr'><strong>atad</strong></span> <span class='ocrx_word' id='word_1_93' title='bbox 939 2395 972 2435; x_wconf 86' lang='lat' dir='ltr'><strong>vs</strong></span> <span class='ocrx_word' id='word_1_94' title='bbox 998 2374 1038 2435; x_wconf 80' lang='lat'><strong>18</strong></span> <span class='ocrx_word' id='word_1_95' title='bbox 1066 2371 1260 2456; x_wconf 86' lang='lat' dir='ltr'><strong>scripsimus,</strong></span> <span class='ocrx_word' id='word_1_96' title='bbox 1285 2380 1372 2455; x_wconf 88' lang='lat' dir='ltr'><strong>pater</strong></span> 
     </span>
     <span class='ocr_line' id='line_1_15' title="bbox 362 2488 1370 2576; baseline 0 -23"><span class='ocrx_word' id='word_1_97' title='bbox 362 2488 536 2553; x_wconf 83' lang='lat' dir='ltr'><strong>Pssumidis</strong></span> <span class='ocrx_word' id='word_1_98' title='bbox 559 2489 660 2554; x_wconf 86' lang='lat' dir='ltr'><strong>adhuc</strong></span> <span class='ocrx_word' id='word_1_99' title='bbox 684 2492 821 2569; x_wconf 80' lang='lat' dir='ltr'><strong>vivebat,</strong></span> <span class='ocrx_word' id='word_1_100' title='bbox 847 2514 881 2555; x_wconf 88' lang='lat' dir='ltr'><strong>eo</strong></span> <span class='ocrx_word' id='word_1_101' title='bbox 905 2492 1057 2555; x_wconf 89' lang='lat' dir='ltr'><strong>amantius</strong></span> <span class='ocrx_word' id='word_1_102' title='bbox 1081 2506 1162 2555; x_wconf 89' lang='lat' dir='ltr'><strong>certe</strong></span> <span class='ocrx_word' id='word_1_103' title='bbox 1184 2491 1370 2576; x_wconf 83' lang='lat' dir='ltr'><strong>ipsiseneo·</strong></span> 
     </span>
    </p>
   </div>
   <div class='ocr_carea' id='block_1_3' title="bbox 363 2592 1373 2694">
    <p class='ocr_par' dir='ltr' id='par_1_7' title="bbox 363 2592 1373 2694">
     <span class='ocr_line' id='line_1_16' title="bbox 363 2592 1373 2694; baseline 0 -22"><span class='ocrx_word' id='word_1_104' title='bbox 363 2616 461 2672; x_wconf 86' lang='lat' dir='ltr'><strong>tutem</strong></span> <span class='ocrx_word' id='word_1_105' title='bbox 496 2617 637 2694; x_wconf 81' lang='lat' dir='ltr'><strong>precatur</strong></span> <span class='ocrx_word' id='word_1_106' title='bbox 670 2610 788 2674; x_wconf 84' lang='lat' dir='ltr'><strong>felicem</strong></span> <span class='ocrx_word' id='word_1_107' title='bbox 805 2592 849 2674; x_wconf 52' lang='lat' dir='ltr'><strong>&#39;et</strong></span> <span class='ocrx_word' id='word_1_108' title='bbox 881 2633 899 2673; x_wconf 86' lang='lat' dir='ltr'><strong>a</strong></span> <span class='ocrx_word' id='word_1_109' title='bbox 930 2610 1000 2674; x_wconf 84' lang='lat' dir='ltr'><strong>filiis</strong></span> <span class='ocrx_word' id='word_1_110' title='bbox 1031 2616 1249 2688; x_wconf 86' lang='lat' dir='ltr'><strong>sustentatam,</strong></span> <span class='ocrx_word' id='word_1_111' title='bbox 1281 2611 1373 2674; x_wconf 91' lang='lat' dir='ltr'><strong>etiam</strong></span> 
     </span>
    </p>
   </div>
   <div class='ocr_carea' id='block_1_4' title="bbox 343 2727 1373 4688">
    <p class='ocr_par' dir='ltr' id='par_1_8' title="bbox 343 2727 1373 4688">
     <span class='ocr_line' id='line_1_17' title="bbox 365 2727 732 2792; baseline 0 -1"><span class='ocrx_word' id='word_1_112' title='bbox 365 2727 506 2792; x_wconf 91' lang='lat' dir='ltr'><strong>morienti</strong></span> <span class='ocrx_word' id='word_1_113' title='bbox 529 2727 732 2792; x_wconf 84' lang='lat' dir='ltr'><strong>adstantibus.</strong></span> 
     </span>
     <span class='ocr_line' id='line_1_18' title="bbox 409 2844 1371 2933; baseline 0.001 -24"><span class='ocrx_word' id='word_1_114' title='bbox 409 2849 461 2910; x_wconf 77' lang='lat'><strong>49.</strong></span> <span class='ocrx_word' id='word_1_115' title='bbox 496 2848 714 2913; x_wconf 73' lang='grc' dir='ltr'><strong>Πισειδανίοισιν</strong></span> <span class='ocrx_word' id='word_1_116' title='bbox 745 2844 851 2917; x_wconf 68' lang='grc' dir='ltr'><strong>ἵπποις.</strong></span> <span class='ocrx_word' id='word_1_117' title='bbox 889 2846 979 2911; x_wconf 89' lang='lat' dir='ltr'><strong>Peleo</strong></span> <span class='ocrx_word' id='word_1_118' title='bbox 1004 2846 1170 2933; x_wconf 87' lang='lat' dir='ltr'><strong>Neptunus</strong></span> <span class='ocrx_word' id='word_1_119' title='bbox 1201 2847 1371 2932; x_wconf 88' lang='lat' dir='ltr'><strong>praeclaros</strong></span> 
     </span>
     <span class='ocr_line' id='line_1_19' title="bbox 343 2963 1370 3051; baseline -0.003 -20"><span class='ocrx_word' id='word_1_120' title='bbox 343 2987 457 3047; x_wconf 76' lang='lat' dir='ltr'><strong>equos</strong></span> <span class='ocrx_word' id='word_1_121' title='bbox 493 2965 633 3043; x_wconf 87' lang='lat' dir='ltr'><strong>donavit,</strong></span> <span class='ocrx_word' id='word_1_122' title='bbox 670 2965 723 3049; x_wconf 93' lang='lat' dir='ltr'><strong>qui</strong></span> <span class='ocrx_word' id='word_1_123' title='bbox 755 2963 869 3028; x_wconf 83' lang='lat' dir='ltr'><strong>Achilli</strong></span> <span class='ocrx_word' id='word_1_124' title='bbox 901 2966 932 3028; x_wconf 92' lang='lat' dir='ltr'><strong>in</strong></span> <span class='ocrx_word' id='word_1_125' title='bbox 964 2964 1045 3029; x_wconf 92' lang='lat' dir='ltr'><strong>bello</strong></span> <span class='ocrx_word' id='word_1_126' title='bbox 1076 2974 1195 3051; x_wconf 90' lang='lat' dir='ltr'><strong>praesto</strong></span> <span class='ocrx_word' id='word_1_127' title='bbox 1227 2967 1370 3030; x_wconf 87' lang='lat' dir='ltr'><strong>fuerunt:</strong></span> 
     </span>
     <span class='ocr_line' id='line_1_20' title="bbox 364 3082 1371 3171; baseline 0.001 -25"><span class='ocrx_word' id='word_1_128' title='bbox 364 3082 456 3165; x_wconf 90' lang='lat' dir='ltr'><strong>Hom.</strong></span> <span class='ocrx_word' id='word_1_129' title='bbox 480 3083 519 3147; x_wconf 92' lang='lat' dir='ltr'><strong>Il.</strong></span> <span class='ocrx_word' id='word_1_130' title='bbox 544 3082 658 3149; x_wconf 86' lang='lat' dir='ltr'>XXIII</span> <span class='ocrx_word' id='word_1_131' title='bbox 682 3086 757 3149; x_wconf 77' lang='grc'><strong>277.</strong></span> <span class='ocrx_word' id='word_1_132' title='bbox 783 3082 983 3161; x_wconf 80' lang='lat' dir='ltr'><strong>Antilochum</strong></span> <span class='ocrx_word' id='word_1_133' title='bbox 1005 3083 1128 3169; x_wconf 86' lang='lat' dir='ltr'><strong>Jupiter</strong></span> <span class='ocrx_word' id='word_1_134' title='bbox 1152 3094 1182 3148; x_wconf 89' lang='lat' dir='ltr'><strong>et</strong></span> <span class='ocrx_word' id='word_1_135' title='bbox 1206 3083 1371 3171; x_wconf 88' lang='lat' dir='ltr'><strong>Neptunus</strong></span> 
     </span>
     <span class='ocr_line' id='line_1_21' title="bbox 365 3201 1373 3288; baseline 0.003 -25"><span class='ocrx_word' id='word_1_136' title='bbox 365 3201 584 3285; x_wconf 88' lang='lat' dir='ltr'><strong>equitationem</strong></span> <span class='ocrx_word' id='word_1_137' title='bbox 607 3201 797 3267; x_wconf 84' lang='lat' dir='ltr'><strong>docuerunt:</strong></span> <span class='ocrx_word' id='word_1_138' title='bbox 823 3206 897 3267; x_wconf 82' lang='grc'><strong>807.</strong></span> <span class='ocrx_word' id='word_1_139' title='bbox 923 3202 1055 3288; x_wconf 81' lang='lat' dir='ltr'><strong>Cognita</strong></span> <span class='ocrx_word' id='word_1_140' title='bbox 1078 3205 1151 3267; x_wconf 87' lang='lat' dir='ltr'><strong>satis</strong></span> <span class='ocrx_word' id='word_1_141' title='bbox 1174 3212 1221 3267; x_wconf 90' lang='lat' dir='ltr'><strong>est</strong></span> <span class='ocrx_word' id='word_1_142' title='bbox 1239 3203 1277 3269; x_wconf 93' lang='lat' dir='ltr'><strong>de</strong></span> <span class='ocrx_word' id='word_1_143' title='bbox 1301 3203 1373 3267; x_wconf 93' lang='lat' dir='ltr'><strong>dato</strong></span> 
     </span>
     <span class='ocr_line' id='line_1_22' title="bbox 366 3291 1372 3407; baseline 0.003 -24"><span class='ocrx_word' id='word_1_144' title='bbox 366 3318 604 3383; x_wconf 85' lang='lat' dir='ltr'><strong>Atheniensibus</strong></span> <span class='ocrx_word' id='word_1_145' title='bbox 628 3340 706 3403; x_wconf 91' lang='lat' dir='ltr'><strong>equo</strong></span> <span class='ocrx_word' id='word_1_146' title='bbox 730 3342 748 3383; x_wconf 91' lang='lat' dir='ltr'><strong>a</strong></span> <span class='ocrx_word' id='word_1_147' title='bbox 770 3318 918 3407; x_wconf 89' lang='lat' dir='ltr'><strong>Neptuno</strong></span> <span class='ocrx_word' id='word_1_148' title='bbox 943 3291 1085 3385; x_wconf 76' lang='lat' dir='ltr'><strong>traditio:</strong></span> <span class='ocrx_word' id='word_1_149' title='bbox 1110 3343 1200 3405; x_wconf 87' lang='lat' dir='ltr'><strong>quam</strong></span> <span class='ocrx_word' id='word_1_150' title='bbox 1219 3321 1372 3407; x_wconf 86' lang='lat' dir='ltr'><strong>praeclare</strong></span> 
     </span>
     <span class='ocr_line' id='line_1_23' title="bbox 365 3437 1121 3526; baseline 0.004 -25"><span class='ocrx_word' id='word_1_151' title='bbox 365 3438 508 3523; x_wconf 84' lang='lat' dir='ltr'><strong>exprimit</strong></span> <span class='ocrx_word' id='word_1_152' title='bbox 530 3437 648 3503; x_wconf 84' lang='lat' dir='ltr'><strong>Chorus</strong></span> <span class='ocrx_word' id='word_1_153' title='bbox 673 3440 755 3525; x_wconf 88' lang='lat' dir='ltr'><strong>apud</strong></span> <span class='ocrx_word' id='word_1_154' title='bbox 778 3440 871 3526; x_wconf 84' lang='lat' dir='ltr'><strong>Soph.</strong></span> <span class='ocrx_word' id='word_1_155' title='bbox 896 3439 972 3504; x_wconf 90' lang='lat' dir='ltr'><strong>Oed.</strong></span> <span class='ocrx_word' id='word_1_156' title='bbox 998 3440 1033 3504; x_wconf 82' lang='lat' dir='ltr'><strong>(l.</strong></span> <span class='ocrx_word' id='word_1_157' title='bbox 1060 3443 1121 3505; x_wconf 85' lang='grc'><strong>707</strong></span> 
     </span>
     <span class='ocr_line' id='line_1_24' title="bbox 541 3556 859 3640; baseline 0.006 -17"><span class='ocrx_word' id='word_1_158' title='bbox 541 3556 631 3623; x_wconf 75' lang='grc' dir='ltr'><em>ἄλλον</em></span> <span class='ocrx_word' id='word_1_159' title='bbox 654 3559 678 3622; x_wconf 79' lang='grc' dir='ltr'><strong>δ’</strong></span> <span class='ocrx_word' id='word_1_160' title='bbox 702 3556 777 3625; x_wconf 73' lang='lat' dir='ltr'><strong>slva</strong></span> <span class='ocrx_word' id='word_1_161' title='bbox 799 3560 859 3640; x_wconf 80' lang='grc' dir='ltr'><strong>ἔχω</strong></span> 
     </span>
     <span class='ocr_line' id='line_1_25' title="bbox 542 3678 988 3762; baseline 0.004 -21"><span class='ocrx_word' id='word_1_162' title='bbox 542 3680 720 3758; x_wconf 67' lang='lat' dir='ltr'><strong>perpendam</strong></span> <span class='ocrx_word' id='word_1_163' title='bbox 743 3678 814 3762; x_wconf 76' lang='grc' dir='ltr'><strong><em>τᾷδε</em></strong></span> <span class='ocrx_word' id='word_1_164' title='bbox 837 3680 988 3759; x_wconf 65' lang='grc' dir='ltr'><strong><em>κράτιστον</em></strong></span> 
     </span>
     <span class='ocr_line' id='line_1_26' title="bbox 481 3797 1138 3877; baseline -0.002 -16"><span class='ocrx_word' id='word_1_165' title='bbox 481 3806 485 3813; x_wconf 89' lang='grc'><strong>’</strong></span> <span class='ocrx_word' id='word_1_166' title='bbox 540 3797 621 3877; x_wconf 71' lang='grc' dir='ltr'><strong><em>δῶρον</em></strong></span> <span class='ocrx_word' id='word_1_167' title='bbox 643 3802 694 3861; x_wconf 81' lang='grc' dir='ltr'><strong>τοῦ</strong></span> <span class='ocrx_word' id='word_1_168' title='bbox 717 3798 853 3875; x_wconf 72' lang='grc' dir='ltr'><em>μεγάλου</em></span> <span class='ocrx_word' id='word_1_169' title='bbox 877 3798 1008 3875; x_wconf 67' lang='grc' dir='ltr'><strong>δαίμονος</strong></span> <span class='ocrx_word' id='word_1_170' title='bbox 1032 3798 1138 3869; x_wconf 73' lang='grc' dir='ltr'><em>εἰπεῖν,</em></span> 
     </span>
     <span class='ocr_line' id='line_1_27' title="bbox 543 3915 835 3995; baseline 0.007 -16"><span class='ocrx_word' id='word_1_171' title='bbox 543 3915 673 3995; x_wconf 70' lang='grc' dir='ltr'><em>αὔχημα</em></span> <span class='ocrx_word' id='word_1_172' title='bbox 695 3915 835 3993; x_wconf 67' lang='grc' dir='ltr'><strong>μέγιστον</strong></span> 
     </span>
     <span class='ocr_line' id='line_1_28' title="bbox 542 4032 1022 4099; baseline 0.004 -2"><span class='ocrx_word' id='word_1_173' title='bbox 542 4034 661 4099; x_wconf 76' lang='grc' dir='ltr'><strong><em>εὕιττον</em></strong></span> <span class='ocrx_word' id='word_1_174' title='bbox 683 4034 811 4099; x_wconf 80' lang='grc' dir='ltr'><em>εὔπωλον</em></span> <span class='ocrx_word' id='word_1_175' title='bbox 833 4032 1022 4099; x_wconf 64' lang='lat' dir='ltr'><strong>statamus.</strong></span> 
     </span>
     <span class='ocr_line' id='line_1_29' title="bbox 542 4148 1051 4234; baseline 0.002 -19"><span class='ocrx_word' id='word_1_176' title='bbox 542 4148 563 4216; x_wconf 81' lang='grc' dir='ltr'><em>ὦ</em></span> <span class='ocrx_word' id='word_1_177' title='bbox 586 4160 646 4216; x_wconf 73' lang='lat' dir='ltr'><strong>nat</strong></span> <span class='ocrx_word' id='word_1_178' title='bbox 665 4152 783 4234; x_wconf 76' lang='grc' dir='ltr'><em>Κρόνου,</em></span> <span class='ocrx_word' id='word_1_179' title='bbox 808 4154 844 4219; x_wconf 82' lang='grc' dir='ltr'><strong>σὺ</strong></span> <span class='ocrx_word' id='word_1_180' title='bbox 867 4151 927 4231; x_wconf 70' lang='grc' dir='ltr'><strong>γάρ</strong></span> <span class='ocrx_word' id='word_1_181' title='bbox 951 4177 990 4217; x_wconf 78' lang='grc' dir='ltr'><strong>νιν</strong></span> <span class='ocrx_word' id='word_1_182' title='bbox 1012 4153 1051 4223; x_wconf 79' lang='grc' dir='ltr'><strong>εἷς</strong></span> 
     </span>
     <span class='ocr_line' id='line_1_30' title="bbox 542 4266 1143 4352; baseline 0 -17"><span class='ocrx_word' id='word_1_183' title='bbox 542 4270 600 4335; x_wconf 71' lang='grc' dir='ltr'><strong>τόδ’</strong></span> <span class='ocrx_word' id='word_1_184' title='bbox 623 4266 704 4343; x_wconf 68' lang='lat' dir='ltr'><strong>ricae</strong></span> <span class='ocrx_word' id='word_1_185' title='bbox 728 4271 862 4352; x_wconf 72' lang='grc' dir='ltr'><em>αὔχημ’,</em></span> <span class='ocrx_word' id='word_1_186' title='bbox 887 4268 965 4348; x_wconf 61' lang='grc' dir='ltr'><strong>ἄναξ</strong></span> <span class='ocrx_word' id='word_1_187' title='bbox 986 4270 1143 4347; x_wconf 69' lang='grc' dir='ltr'><strong><em>Ποτειδὰν,</em></strong></span> 
     </span>
     <span class='ocr_line' id='line_1_31' title="bbox 543 4368 1058 4471; baseline 0.006 -19"><span class='ocrx_word' id='word_1_188' title='bbox 543 4368 670 4455; x_wconf 67' lang='lat' dir='ltr'><strong>innotata</strong></span> <span class='ocrx_word' id='word_1_189' title='bbox 691 4390 740 4455; x_wconf 80' lang='grc' dir='ltr'><strong>τὸν</strong></span> <span class='ocrx_word' id='word_1_190' title='bbox 749 4376 784 4455; x_wconf 74' lang='lat' dir='ltr'><strong>&#39;ot</strong></span> <span class='ocrx_word' id='word_1_191' title='bbox 804 4399 912 4471; x_wconf 73' lang='grc' dir='ltr'><strong><em>εττῆρω</em></strong></span> <span class='ocrx_word' id='word_1_192' title='bbox 935 4391 1058 4471; x_wconf 75' lang='grc' dir='ltr'><strong>χαλινὸν</strong></span> 
     </span>
     <span class='ocr_line' id='line_1_32' title="bbox 543 4509 1089 4589; baseline 0 -16"><span class='ocrx_word' id='word_1_193' title='bbox 543 4509 683 4589; x_wconf 69' lang='grc' dir='ltr'><strong><em>τρώταισι</em></strong></span> <span class='ocrx_word' id='word_1_194' title='bbox 707 4509 808 4576; x_wconf 75' lang='grc' dir='ltr'><strong><em>ταῖσδε</em></strong></span> <span class='ocrx_word' id='word_1_195' title='bbox 831 4510 936 4582; x_wconf 64' lang='grc' dir='ltr'><strong><em>κτίσας</em></strong></span> <span class='ocrx_word' id='word_1_196' title='bbox 958 4511 1089 4588; x_wconf 66' lang='grc' dir='ltr'><strong>ἀγυιαῖς.</strong></span> 
     </span>
     <span class='ocr_line' id='line_1_33' title="bbox 1212 4634 1248 4688; baseline 0.028 -1"><span class='ocrx_word' id='word_1_197' title='bbox 1212 4634 1248 4688; x_wconf 82' lang='lat'><strong>24</strong></span> 
     </span>
    </p>
   </div>
   <div class='ocr_carea' id='block_1_5' title="bbox 0 0 1874 5542">
    <p class='ocr_par' dir='ltr' id='par_1_9' title="bbox 0 0 1874 5542">
     <span class='ocr_line' id='line_1_34' title="bbox 0 0 1874 5542; baseline 0 0"><span class='ocrx_word' id='word_1_198' title='bbox 0 0 1874 5542; x_wconf 95' lang='lat' dir='ltr'><strong> </strong></span> 
     </span>
    </p>
   </div>
  </div>
 </body>
</html>
