3725 5542
820 1077 895 1162 aa.

563 1317 754 1402 Comparatio
776 1317 908 1380 Pindmv‘
929 1337 995 1379 oam
1018 1317 1150 1379 Plotae.

398 1551 535 1616 Platonis
574 1554 664 1617 etiam
687 1553 838 1618 sententia
860 1552 1040 1638 apponenda
1063 1551 1200 1628 videtur,
1224 1551 1256 1614 in
1277 1550 1361 1613 libris

358 1669 404 1734 De
426 1667 597 1755 Republica
620 1671 657 1736 de
681 1672 765 1758 poesi
788 1672 1011 1757 praecipientis.
1047 1670 1127 1734 Nam
1144 1669 1249 1756 quales
1266 1669 1362 1732 futuri

352 1791 415 1852 siut
439 1789 563 1874 perfecti
587 1790 727 1854 custodes
750 1791 936 1876 reipublicae
958 1813 1055 1877 quum
1078 1789 1218 1874 effingat,
1242 1810 1305 1852 rem
1321 1787 1360 1852 ab

352 1909 441 1974 initio
464 1909 574 1994 repetit
597 1931 799 1994 magnamque
823 1931 924 1973 eurum
948 1909 1121 1995 ponendam
1144 1930 1209 1973 esse
1224 1908 1312 1972 dooet
1328 1907 1361 1970 in

353 2028 478 2112 primis,
510 2049 585 2111 quos
609 2027 752 2102 audiant,
777 2028 984 2106 sermonibus,
1010 2050 1065 2092 neo
1088 2026 1359 2103 committendum,

352 2147 444 2210 utin
468 2147 565 2232 prima
587 2147 718 2232 pueritia
742 2149 840 2234 pravis
869 2149 1028 2213 sententiis
1052 2147 1231 2213 imbuantur
1253 2147 1361 2232 aooipi-

351 2265 432 2329 endo
467 2266 617 2350 ejusmodi
652 2268 800 2344 earmina,
833 2288 911 2351 quae
943 2268 1122 2353 pravitatem
1154 2265 1361 2351 exemplorum

350 2383 527 2448 exhibeant.
574 2384 676 2449 Multa
698 2385 892 2471 reprehendit
915 2385 1059 2463 Homeri,
1083 2386 1233 2450 narrantis
1250 2383 1364 2470 proelia

319 2501 326 2518 ’
351 2502 488 2568 Deorum
513 2513 543 2568 et
566 2503 655 2582 odia,
679 2527 717 2569 ne
748 2504 868 2569 discant
890 2505 962 2569 inde
985 2507 1064 2569 cives
1087 2505 1179 2569 etiam
1202 2505 1261 2590 ipsi
1284 2504 1364 2568 inter

351 2645 384 2686 se
415 2621 515 2686 odisse
546 2631 637 2708 atque
672 2623 871 2688 contendere:
907 2646 963 2688 neo
995 2623 1118 2709 probat,
1151 2623 1232 2688 Deos
1262 2641 1363 2689 rerum

352 2741 491 2806 omnium
522 2749 659 2807 auctores
690 2743 778 2827 poni,
806 2743 857 2807 sed
882 2743 1031 2808 malarum
1054 2765 1155 2808 rerum
1179 2742 1252 2806 alias
1275 2742 1365 2806 dooet

352 2881 458 2924 causas
482 2883 547 2926 esse
571 2860 776 2946 quaerendas,
798 2883 893 2946 quum
918 2863 970 2926 Dii
985 2862 1199 2927 tantummodo
1214 2861 1362 2926 bonarum
1460 2878 1467 2892 ·

354 2987 494 3044 amotores
518 3001 583 3045 esse
606 2982 734 3066 possint.
781 2980 847 3046 Neo
870 2983 1054 3046 mutationes
1078 2989 1109 3046 et
1130 2981 1288 3046 mendacia
1307 2979 1365 3044 De·

353 3119 442 3162 orum
465 3105 604 3184 oportere
628 3101 760 3178 narrari,
781 3123 819 3164 ne
839 3100 940 3165 timidi
963 3101 1094 3165 evadant
1108 3101 1162 3186 qni
1178 3123 1213 3164 ea
1227 3099 1363 3164 audiant.

353 3216 420 3280 Neo
443 3238 514 3281 vero
544 3217 757 3283 fortitudinem
787 3239 874 3304 posse
897 3220 1001 3304 pueris
1024 3218 1120 3297 tradi,
1145 3219 1171 3282 si
1194 3241 1261 3296 eae,
1288 3239 1366 3300 quae

352 3336 391 3400 de
425 3335 529 3401 inieris
565 3337 721 3416 feruutur,
754 3337 930 3402 formidines
961 3339 1078 3403 animos
1109 3359 1213 3403 eorum
1245 3345 1365 3401 teneros

352 3453 454 3519 adhue
477 3463 509 3520 et
532 3455 613 3520 flecti
637 3477 738 3520 cereos
763 3466 966 3542 permoveant.
982 3458 1006 3540 ¹)

397 3574 553 3640 Praeclare
575 3576 696 3639 monuit
719 3577 843 3640 omnino
867 3584 898 3640 et
920 3575 1089 3661 praeclaras
1107 3576 1172 3661 ipse
1187 3575 1365 3638 interseruit

349 3695 389 3758 de
422 3693 488 3758 Diis
517 3694 701 3758 sententias:
733 3695 862 3760 fueritne
891 3702 993 3758 autem
1018 3695 1050 3758 in
1075 3694 1244 3758 Homerum
1267 3693 1364 3756 aerior

348 3821 381 3878 et
404 3835 477 3876 num
502 3812 621 3898 possint
644 3835 681 3875 ex
704 3812 839 3877 Homero
863 3813 954 3878 etiam
979 3819 1141 3898 praecepta
1164 3812 1245 3896 peti,
1268 3810 1364 3875 aPla

349 3939 421 3994 tone
457 3932 686 4015 praetermissa,
717 3951 795 4014 quae
827 3932 924 3996 bonae
956 3932 1147 3996 institutioni
1177 3930 1364 4007 inserviant,

347 4071 431 4113 nuno
462 4049 587 4135 quidem
618 4051 650 4113 in
682 4049 782 4114 medio
814 4049 1026 4136 relinquimus.
1074 4049 1159 4114 Illud
1191 4049 1363 4125 cernimus,
1435 4049 1439 4059 '

348 4167 508 4230 convenire
533 4167 627 4231 videri
653 4167 812 4232 Platonem
836 4191 903 4233 oum
929 4169 1079 4246 Pindaro,
1104 4170 1283 4254 sejungeute
1308 4167 1364 4230 hu·

349 4307 439 4350 mana
463 4285 536 4350 vitia
559 4308 576 4348 a
599 4285 685 4364 Diis,
702 4287 942 4372 reprehendente
955 4289 1089 4374 priorum
1107 4294 1264 4374 poetarum
1280 4308 1362 4349 men·

381 4559 405 4620 1)
422 4559 449 4608 o.
469 4559 507 4610 rr.
528 4555 637 4608 aot-o.
660 4558 716 4610 m.
734 4560 790 4614 aaa.
