3725 5542
826 745 891 807 419

349 949 417 1013 fuse
447 947 538 1012 nimis
570 952 601 1010 et
622 965 731 1030 parum
755 943 946 1007 considerate
968 950 1106 1006 versatur
1129 944 1159 1007 in
1184 945 1368 1028 explicando

349 1066 473 1131 nomine
497 1064 682 1149 Argivorum
705 1071 737 1126 et
759 1061 1003 1126 Heraclidamm.
1040 1060 1119 1126 Nem
1145 1071 1179 1126 ut
1199 1063 1283 1127 illam
1302 1085 1369 1148 pos·

351 1185 493 1249 teriorem
524 1182 714 1246 Rhodiorum
742 1180 891 1264 originem
915 1180 1005 1244 unice
1028 1201 1128 1245 veram
1153 1202 1237 1258 esse,
1261 1179 1370 1266 Tlepo·

351 1303 424 1367 lemi
455 1321 527 1365 sero
557 1298 723 1363 adventum
753 1297 952 1381 rejiciendum
980 1319 1045 1362 esse
1067 1297 1239 1378 confirmet,
1270 1301 1370 1364 utitur

352 1419 443 1482 etiam
467 1417 560 1499 hujus
582 1412 710 1478 Pindari
733 1413 876 1478 carminis
898 1434 933 1476 rs
958 1415 1018 1491 85,
1042 1412 1167 1496 Ἀργείᾳ
1182 1416 1234 1480 σὺν
1246 1415 1368 1499 αἰχμᾷ,

352 1555 413 1621 qno
445 1532 606 1597 manifesto
635 1530 805 1615 Tlepolemi
834 1529 955 1594 colonia
987 1531 1193 1616 significatur,
1225 1553 1289 1596 non
1311 1531 1368 1595 illa

353 1653 510 1736 posterior.
557 1648 662 1729 Quum
694 1657 795 1713 antem
819 1645 968 1733 'lirynthe
991 1647 1146 1732 profectus
1169 1650 1211 1713 sit
1233 1648 1371 1734 Tlepole-

352 1789 439 1846 mus,
463 1787 525 1831 non
548 1767 659 1831 idonea
681 1786 774 1829 cansa
796 1772 860 1841 est,
884 1785 941 1829 cur
964 1766 1148 1850 Argivorum
1171 1785 1284 1830 nomen
1307 1787 1370 1830 non

352 1885 447 1950 latius
470 1905 563 1970 qnam
586 1881 625 1948 ad
648 1883 746 1968 ipsam
769 1853 884 1947 urbem!
902 1885 1001 1968 Argos
1025 1883 1209 1968 pertinuisse
1226 1890 1370 1968 putemur

355 2011 387 2067 et
424 2001 574 2087 Tiryntha
604 2021 746 2085 quoque,
778 2000 915 2085 proxime
946 2000 1054 2078 sitam,
1086 1999 1369 2085 comprehendisse:

356 2139 451 2205 quum
485 2119 576 2182 etiam
608 2117 691 2202 apud
723 2115 893 2182 Homerum
916 2138 969 2181 eae
993 2116 1084 2182 urbes
1107 2117 1308 2202 copulentur,
1332 2116 1371 2181 11.

356 2236 479 2300 11559

477 2350 503 2417 cl
524 2351 671 2429 δ”Αργος
693 2355 722 2416 τ’
744 2347 825 2431 εἶχον
847 2351 973 2431 Τίρυνθά
995 2377 1029 2417 τε
1052 2352 1255 2433 τειχιόεσσαν,

357 2480 388 2536 et
412 2471 510 2536 eidem
535 2470 606 2535 duci
623 2469 656 2534 in
672 2469 754 2534 bello
769 2471 946 2554 paruerint,
963 2469 1107 2535 Diomedi
1120 2470 1251 2555 Argivo:
1265 2492 1374 2556 quum·

356 2611 416 2673 que
438 2587 608 2673 Licymnii‚
631 2586 798 2672 Tirynthe,
815 2587 984 2652 secundum
1000 2586 1186 2666 Pindarum,
1203 2588 1372 2668 interfecti,

355 2705 528 2790 sepulcrum
553 2700 646 2789 Argis
668 2705 762 2768 luisse
784 2713 914 2769 testetur
926 2705 1111 2784 Pausanias,
1127 2705 1165 2770 L.
1178 2702 1213 2770 II
1225 2705 1260 2770 G.
1274 2706 1372 2771 XXII

356 2823 387 2886 8.
430 2822 533 2907 Atque
563 2822 629 2906 ipss
659 2820 812 2885 Pindarus
842 2822 886 2885 ita
916 2823 1041 2887 nomina
1072 2830 1190 2900 mutat,
1214 2832 1250 2887 ut
1272 2845 1307 2887 vs
1332 2825 1373 2887 ta

355 2938 523 3024 liryntha,
555 2961 589 3001 vs
619 2941 662 3002 dt)
691 2938 768 3003 litus
798 2937 989 3018 Lernaeum,
1013 2961 1046 3003 vs
1071 2943 1112 3005 85
1137 2941 1220 3024 ipsos
1244 2940 1374 3024 Argivos

356 3056 512 3133 nominet,
543 3075 600 3119 nec
623 3053 756 3119 diversas
781 3056 985 3140 profectiones
1008 3057 1057 3120 his
1080 3058 1257 3122 nominibus
1282 3057 1376 3142 signi-

357 3171 445 3236 ficat:
477 3178 559 3236 certe
589 3172 774 3256 Argivorum
805 3195 917 3238 nomen
947 3173 1123 3258 Tirynthios
1147 3175 1236 3259 quasi
1259 3181 1376 3260 partem

358 3282 552 3372 complexum
583 3296 639 3352 est.
681 3288 870 3354 scholiastae
893 3311 1018 3375 quoque
1042 3290 1081 3354 ad
1104 3313 1137 3355 ve
1162 3294 1203 3354 52
1226 3289 1376 3378 Tiryntha

357 3404 515 3490 appellant
536 3404 644 3469 urbem
667 3405 823 3489 Argivum.
860 3405 1094 3471 Heraclidarum
1106 3429 1178 3472 vero
1193 3431 1305 3473 nomen
1321 3429 1377 3472 cur

359 3522 398 3586 ad
422 3520 550 3585 seriores
573 3527 695 3585 tantum
719 3521 899 3586 Heraclidae
921 3523 1113 3588 referendum
1138 3524 1206 3588 est?
1233 3545 1288 3588 cur
1310 3523 1377 3588 lle-

358 3639 498 3725 polemus
528 3637 673 3701 Herculis
706 3635 789 3703 filius
816 3661 878 3703 non
902 3639 1089 3704 Heraclida?
1112 3641 1224 3726 quodsi
1247 3641 1321 3706 velis
1344 3641 1377 3706 id

357 3778 470 3821 numen
493 3756 558 3820 sinc
582 3755 736 3820 mesaab
765 3756 820 3821 illc
844 3778 1001 3841 separare,
1026 3779 1066 3822 an
1086 3781 1150 3822 non
1174 3761 1239 3844 ejus
1263 3761 1377 3844 posteri

359 3874 392 3938 in
415 3871 525 3938 Rhodo
547 3872 751 3937 manserunt?
796 3871 839 3938 Ilt
864 3871 993 3953 Strabo,
1019 3883 1053 3940 ut
1074 3878 1137 3960 jam
1160 3877 1284 3954 monui,
1312 3876 1379 3940 'lle

361 3990 474 4075 polemi
489 3991 640 4055 coloniam
656 3991 791 4076 appellat
806 3989 1051 4057 Heraclidamm.
1076 3993 1143 4076 Age
1159 4013 1230 4057 vero
1247 4001 1277 4058 et
1291 3993 1377 4072 vide,

362 4108 517 4193 quomodo
539 4107 709 4173 Muellerus
733 4109 885 4194 disputet:
910 4108 1074 4174 Dorienses
1093 4109 1244 4197 Epidauri
1259 4111 1378 4177 cultum

367 4225 543 4310 Aesculapii
580 4225 791 4290 adsciverunt:
823 4227 895 4290 inde
924 4225 1070 4291 Rhodum
1101 4238 1132 4292 et
1155 4229 1187 4292 in
1210 4227 1380 4313 adjacentia

366 4339 434 4404 loca
460 4351 625 4406 uenerunt:
649 4342 726 4407 haec
747 4343 837 4408 unice
860 4343 1051 4410 Rhodiorum
1074 4345 1191 4409 Graeca
1214 4351 1245 4410 et
1269 4343 1381 4409 Dorica

366 4457 452 4541 origo
475 4466 538 4522 est:
563 4457 635 4523 hinc
657 4460 701 4525 ibi
724 4467 830 4545 gentes
853 4460 1088 4527 Heraclidarum
1115 4469 1146 4526 et
1169 4461 1381 4545 Aesolepiade·

1201 4581 1256 4643 27*
