3725 5542
393 914 489 982 Nobis
520 916 627 981 harum
656 938 757 981 rerum
787 915 863 980 nihil
887 938 922 980 cx
947 916 1079 980 carmine
1102 916 1169 999 ipso
1192 916 1354 999 apparuit:

346 1043 376 1099 et
410 1035 642 1099 scholiastarum
677 1034 852 1099 testimonia
886 1035 971 1119 parvi
1001 1034 1160 1110 ducimus,
1192 1042 1353 1120 propterea

347 1153 429 1239 quod
457 1162 560 1219 carent
583 1153 779 1230 auctoritate,
809 1175 903 1237 quum
926 1154 985 1239 ipsi
1008 1152 1046 1217 ab
1069 1151 1131 1216 illis
1155 1153 1352 1238 opinionibus

339 1268 509 1337 'dissentire
532 1272 636 1337 dicant
659 1271 871 1337 Aristarchum
894 1282 925 1336 et
948 1271 1132 1356 Didymum:
1159 1272 1250 1336 illum
1272 1273 1353 1335 enim

347 1392 519 1477 scripsisse,
550 1391 717 1456 Dioscuros
747 1390 817 1455 ideo
840 1413 858 1454 a
880 1390 976 1455 Poeta
998 1390 1153 1455 invocatos
1176 1414 1258 1469 esse,
1283 1392 1357 1475 quia

348 1512 396 1575 his
419 1509 568 1574 Hercules
591 1510 765 1575 certaminis
788 1509 982 1574 moderamen
1004 1509 1195 1574 tradidisset:
1218 1518 1248 1575 et
1263 1511 1357 1574 luisse

348 1630 513 1695 Dioscuros
538 1629 697 1714 Agrigenti
722 1630 753 1693 in
777 1629 905 1693 honore:
939 1630 1109 1693 consentire
1133 1651 1202 1693 cum
1226 1631 1358 1694 Aristar·

296 1834 299 1843 ι
348 1750 406 1813 cho
431 1748 615 1833 Didymum,
640 1758 671 1813 et
694 1748 863 1823 addidisse,
890 1770 985 1834 quum
1007 1748 1108 1813 Thero
1132 1751 1215 1833 Argo
1232 1748 1357 1813 duceret

349 1868 515 1951 originem,
540 1867 645 1953 ibique
668 1889 764 1951 quum
788 1867 930 1931 Dioscuri
954 1867 1031 1931 culti
1055 1868 1202 1944 fuissent,
1225 1889 1359 1931 servasse

350 1996 472 2071 gentem
506 1984 754 2051 Emmenidarum
791 1985 879 2049 illum
914 1986 1044 2051 cultum.
1101 1986 1147 2051 De
1181 1985 1236 2049 illa
1269 1993 1359 2070 gente

352 2104 443 2188 Argis
467 2102 598 2167 oriunda
621 2098 689 2167 vide
713 2102 762 2167 Ol.
788 2102 831 2167 Π.
859 2108 898 2167 82
1214 2080 1220 2090 .

394 2221 552 2285 Assentior
575 2222 752 2285 Aristarcho
776 2230 806 2285 et
830 2221 977 2306 Didymo,
1002 2222 1097 2286 fretus
1120 2222 1187 2306 ipso
1210 2220 1352 2285 carmine.

348 2338 483 2403 Pertinet
517 2338 556 2403 ad
590 2338 746 2403 victoriam
781 2338 955 2425 Olympiam
989 2339 1217 2417 celebrandam,
1252 2361 1351 2423 neque

347 2458 407 2521 alio
437 2458 578 2543 pertinet.
625 2456 742 2523 Sumsit
773 2480 808 2521 ex
832 2458 897 2544 ipsa
920 2457 1056 2543 Olympii
1080 2458 1251 2523 certaminis
1275 2459 1352 2522 anti·

347 2577 463 2662 quitata
486 2578 641 2642 manriem
663 2578 772 2656 Poeta,
797 2578 950 2662 quomodo
974 2578 1024 2642 Ol.
1048 2579 1121 2643 lde
1141 2578 1253 2665 Pelope
1273 2579 1352 2643 anti·

347 2696 493 2781 quissimo
525 2696 655 2775 ricmis,
687 2696 737 2761 Ol.
762 2696 791 2760 X
822 2697 859 2761 de
890 2698 958 2783 ipsa
984 2696 1128 2763 Herculis
1155 2699 1349 2763 institutione

347 2815 520 2879 certaminis
543 2816 669 2880 cecinit:
694 2816 738 2881 sic
761 2815 819 2881 hoc
842 2818 976 2882 carmine
999 2817 1097 2882 olir'ae
1117 2816 1277 2904 Olympiae
1296 2818 1353 2883 ori·

347 2934 447 3018 ginem
471 2933 509 2998 ab
532 2934 666 2999 Hercule
688 2934 790 2999 datam
814 2936 969 3021 exposuit,
992 2938 1154 3022 cunjuncta
1169 2937 1260 3003 laude
1274 2937 1353 3021 Tyn-

348 3052 537 3132 daridarum,
562 3076 639 3139 quos
661 3053 713 3119 ille
736 3054 769 3118 in
792 3055 911 3120 coelum
936 3055 1041 3121 abiens
1063 3056 1122 3121 sibi
1141 3056 1173 3120 in
1190 3035 1353 3121 certamine

346 3171 479 3257 regendo
501 3171 662 3237 succedere
685 3172 848 3237 voluisset:
878 3196 956 3259 quos
979 3182 1015 3256 et,
1032 3174 1121 3238 initio
1144 3173 1286 3239 carminis
1310 3175 1355 3238 in·

346 3299 434 3356 vocat
457 3298 488 3355 et
510 3292 665 3357 nonnam
689 3291 823 3357 'I'hcroni
842 3292 963 3358 dedisse
982 3293 1124 3371 affirmat,
1148 3316 1182 3357 ss
1203 3297 1260 3372 to,
1281 3294 1354 3378 quia

339 3434 365 3475 a
386 3410 535 3475 Theronis
558 3419 651 3498 gente
673 3413 809 3497 impense
833 3413 1014 3478 colerentur.

391 3530 438 3595 De
472 3531 683 3596 comissatione
718 3554 803 3595 suam
834 3532 1010 3597 Boeckhins
1037 3532 1219 3597 sententiam
1242 3533 1353 3620 repetit

346 3672 382 3716 er
407 3649 554 3714 vocabulo
576 3651 774 3729 aerumna
797 3674 830 3714 vs
858 3654 913 3729 1⁰,
938 3660 969 3715 et
984 3652 1023 3716 de
1036 3674 1166 3728 coronae
1181 3653 1352 3738 portatione

347 3792 363 3833 c
393 3792 426 3831 vs
456 3770 507 3833 23.
562 3768 768 3855 Disputantur
798 3792 834 3834 ea
863 3770 954 3834 nimis
988 3780 1103 3856 argute.
1156 3770 1242 3852 Quid
1271 3772 1351 3836 enim

346 3886 514 3972 simplicius
538 3887 657 3972 ipsique
681 3888 724 3952 rei
745 3896 918 3954 straturae
933 3890 1031 3974 magis
1046 3890 1241 3968 conveniens,
1259 3914 1351 3975 quam

345 4006 376 4071 in
398 4005 533 4091 Olympii
556 4008 730 4077 certaminis
755 4008 880 4073 victoria
899 4007 1078 4074 celebranda
1096 4031 1239 4076 coronam
1254 4010 1351 4074 olivae

346 4124 484 4189 laudari?
519 4124 559 4190 Εἴ
582 4126 634 4191 ille
657 4127 758 4206 τρόπος
782 4128 978 4206 aerumma
1002 4128 1077 4214 quid
1096 4128 1181 4193 aliud
1200 4130 1352 4214 significat

346 4244 406 4308 nisi
429 4245 529 4329 ipsum
554 4244 677 4310 modum
701 4247 857 4329 carminis,
883 4247 967 4331 quod
991 4247 1029 4311 ad
1053 4248 1158 4312 festam
1179 4247 1350 4331 laetamque

347 4362 518 4427 certaminis
549 4362 629 4428 felici
661 4372 771 4431 eventu
802 4367 915 4451 peracti
939 4366 1146 4431 laudationem
1169 4365 1351 4452 pertineret?

349 4482 452 4565 Agite,
478 4488 508 4545 et
532 4480 646 4559 videte,
672 4483 746 4567 quid
770 4484 834 4569 ipse
857 4484 1010 4551 Pindarus
1033 4485 1065 4549 in
1088 4485 1223 4548 victoriis
1245 4506 1352 4549 ornau-

1192 4606 1227 4661 21
