3725 5542
815 746 877 809 507

631 950 680 1015 ael
703 946 914 1027 μυρνιιμένων,

629 1068 694 1147 πρὶν
716 1070 801 1137 τέλος
823 1052 909 1140 ἄκρον
932 1062 1060 1126 ἱκέσθαι·

628 1184 715 1247 τῶνδε
737 1182 798 1261 γὰρ
821 1180 891 1245 ledo?
911 1180 1005 1249 τέλος.

387 1310 439 1369 84.
475 1309 593 1382 Σᾶμοςι
625 1300 741 1367 Eadem
767 1299 911 1364 memoria
939 1296 1066 1360 affertur
1089 1289 1294 1357 ascholiastis
1311 1308 1358 1349 ve·

342 1424 460 1487 teribus
484 1444 501 1486 e
524 1420 644 1505 Diphili
667 1417 834 1482 Theseide:

475 1539 587 1618 τρέφοις
610 1537 640 1600 δὲ
663 1535 793 1611 πώλους,
816 1536 852 1605 ὦς
875 1535 889 1599 ὅ
913 1530 1081 1601 Μαντινεὺς
1104 1537 1217 1604 Σῆμος,

475 1655 506 1729 ὃς
529 1661 638 1732 πρῶτος
660 1651 775 1735 ἅρματ’
797 1652 906 1727 illoesa
929 1649 998 1728 πυρ’
1022 1647 1165 1729 Ἀλφειῷ.

391 1778 442 1837 84.
477 1772 638 1853 alntlp‘ollov.
674 1768 796 1834 Nomen
820 1742 1005 1853 adjectivum
1030 1786 1095 1828 esse
1110 1761 1250 1838 videtur,
1267 1781 1362 1844 sppo-

344 1893 437 1956 situm
470 1888 618 1953 vocabulo
649 1886 835 1956 Μοιπινέιοιε
869 1883 1034 1968 signifiasri
1066 1887 1170 1945 autem
1203 1876 1363 1941 Mantinea

346 2009 464 2073 marina
487 2007 551 2070 aive
574 2004 741 2091 Neptunia.
788 2002 835 2065 De
859 2002 925 2085 ipso
950 1999 1100 2084 sdjeetivo
1124 1996 1192 2059 vide
1214 1993 1362 2079 Stephan.

345 2125 436 2190 Thes.
468 2126 499 2188 in
532 2146 615 2189 voce.
661 2122 815 2187 Soribitur
845 2120 937 2186 etism
964 2118 1117 2201 οὶλίρροθος,
1143 2115 1228 2181 velut
1251 2110 1361 2175 Aesoh.

347 2244 431 2308 Pers.
459 2245 522 2309 367
825 2304 828 2307 ,

504 2362 627 2433 ἔκπλους
650 2363 816 2442 φυλόοοιιν
838 2361 888 2425 aoel
910 2360 1011 2437 πόρους
1034 2356 1200 2438 ἁλιρρόθους.

351 2479 576 2557 Halirrhothii,
608 2479 664 2543 filii
694 2478 853 2563 Neptuni,
878 2478 916 2542 de
940 2498 1002 2560 quo
1026 2474 1132 2539 scribit
1156 2470 1362 2558 Apollodorus

349 2597 386 2660 L.
410 2597 464 2661 III
486 2596 522 2661 O.
548 2595 643 2671 XIV,
668 2596 815 2661 memoris
836 2595 981 2659 adhunc
1005 2594 1107 2658 locum
1131 2614 1193 2656 non
1210 2590 1362 2675 pertinere

351 2715 486 2779 videtur:
512 2712 761 2779 Halirrhothium
784 2736 855 2779 vero
878 2716 981 2799 ipsum
1006 2712 1190 2799 Neptunum
1214 2706 1362 2794 appellari

349 2833 470 2918 putavit
500 2832 668 2915 Didymus:
701 2854 802 2917 neque
830 2831 864 2895 id
896 2832 999 2917 ipsum
1025 2829 1191 2895 absurdum
1219 2835 1282 2905 est,
1307 2825 1360 2889 sed

349 2948 506 3034 quomodo
523 2930 527 2937 ¹
543 2948 714 3013 Pindarum
752 2949 967 3033 explicaverit,
1005 2970 1067 3013 non
1102 2947 1176 3010 satia
1213 2944 1362 3028 intelligo.

352 3067 421 3131 Hoc
451 3090 523 3131 vero
555 3090 618 3132 non
646 3068 952 3151 praetermittendum
981 3074 1045 3142 est,
1078 3064 1209 3129 eundem
1232 3062 1363 3139 dixisse,

351 3184 541 3248 Mantineam
571 3184 666 3248 fuisse
696 3206 812 3248 asenam
836 3183 1004 3269 Neptuno,
1028 3194 1058 3247 et
1081 3182 1308 3247 Mantineenaes
1332 3182 1365 3247 iu

351 3301 465 3387 clypeis
489 3302 609 3386 insigne
632 3309 766 3385 gestasse
788 3300 933 3365 tridentis
956 3300 1128 3387 Mptnnii,
1153 3302 1247 3385 idque
1262 3300 1362 3385 ipsum

351 3443 370 3484 a
399 3418 584 3503 Baoolrylida
617 3420 766 3504 seriptum
797 3419 901 3485 fuisse.
947 3419 989 3482 Ilt
1013 3418 1157 3484 dixeriml
1181 3416 1364 3502 Neptunum

350 3537 410 3602 sibi
433 3536 606 3621 adjutorem
627 3536 722 3601 fnisse
745 3536 974 3601 Mentinaenses
999 3558 1034 3601 eo
1058 3536 1190 3621 proelio,
1215 3555 1276 3622 quo
1294 3536 1367 3621 Agi-

351 3654 420 3717 dam
452 3662 482 3717 et
511 3652 771 3719 Lacedaemonios
801 3654 957 3718 vicerunt:
989 3654 1121 3719 Paussn.
1153 3654 1190 3719 L.
1222 3653 1304 3717 VIII
1328 3653 1364 3717 Ο.

353 3769 382 3832 X
414 3774 445 3833 4.
492 3770 532 3834 Et
561 3771 621 3835 fuit
649 3771 825 3836 Mantineae
855 3772 1006 3857 templum
1038 3781 1125 3837 vetus
1157 3770 1297 3857 Neptuni
1320 3772 1364 3835 ite

352 3895 519 3971 augustum
550 3896 580 3951 et
610 3889 808 3973 religiosum,
841 3896 879 3954 ut
909 3890 1085 3954 Hadrianus
1117 3898 1223 3975 postea
1247 3911 1366 3954 summa

352 4026 425 4067 oure
456 4013 487 4068 et
517 4006 665 4090 religione
693 4018 769 4070 naus
800 4008 897 4071 sitin
922 4008 987 4092 ejus
1011 4008 1173 4073 sanctitate
1197 4008 1364 4086 servande,

352 4144 449 4203 quum
479 4144 593 4187 novum
621 4122 771 4209 templum
795 4103 1039 4210 'circumjieeretz
1071 4125 1176 4210 ibique
1205 4124 1283 4189 lama
1307 4125 1366 4189 suit

352 4260 448 4322 aquae
478 4240 629 4316 marinae,
660 4263 740 4324 qnae
771 4242 896 4326 quidem
918 4244 951 4306 in
975 4242 1099 4327 regione
1123 4250 1186 4306 tem
1210 4242 1359 4326 procula

352 4356 428 4419 mari
451 4365 567 4420 remota
586 4358 868 4423 manifestissimam·
882 4360 939 4424 Dei
957 4360 1147 4424 voluntatem
1163 4360 1361 4444 significaret:

353 4480 386 4537 et
416 4494 481 4536 eam
512 4495 620 4559 aquarn
653 4476 758 4539 subito
788 4486 998 4565 erumpentem
1026 4478 1179 4543 eaeeitatis
1202 4484 1234 4540 et
1256 4472 1362 4540 mortis
