3725 5542
788 723 852 785 541

401 922 463 987 octa
485 924 546 1000 yolo
568 923 629 987 calli
653 923 800 999 Δρύννσος
823 920 881 991 vlle
904 920 1039 999 κροσερθς
1064 919 1226 999 Λυκόοργος

402 1040 451 1115 θὴν
474 1038 525 1122 ἦν,
550 1038 642 1104 Hom.
667 1038 705 1101 Il.
729 1036 777 1099 VI
805 1039 876 1101 130.
1314 1117 1320 1128 .

317 1155 457 1241 Xenoph.
490 1154 588 1219 Auab.
620 1154 656 1217 L.
681 1153 698 1216 I
721 1152 756 1217 O.
780 1152 864 1217 VIII
887 1156 947 1216 20:
972 1154 1022 1219 ecl
1047 1154 1243 1231 villicalem
1267 1154 1329 1219 οὐδὲ

316 1280 415 1338 σοῦσον
435 1272 539 1337 ποθεῖν
562 1272 697 1350 ἔφασαν·
719 1270 782 1335 οὐδὲ
800 1269 893 1342 ἄλλος
912 1270 943 1333 δὲ
958 1276 1014 1334 τῶν
1031 1272 1177 1344 Ἑλλήνων
1193 1272 1222 1335 ἐν
1237 1270 1333 1351 ταύτῃ

317 1402 353 1471 τῇ
383 1388 474 1471 μάχῃ
504 1391 609 1454 ἔσοθεν
640 1388 728 1459 οὐδεὶς
751 1388 839 1452 οὐδέν.
885 1386 928 1451 at
952 1408 1063 1471 magno
1086 1363 1223 1451 numero·
1239 1388 1332 1471 hujus

318 1508 436 1593 generis
459 1505 597 1592 exempla
620 1512 704 1569 cunt.
744 1508 791 1567 An
808 1505 937 1568 fortuma
953 1502 1148 1569 offenderunt
1164 1505 1195 1569 iu
1214 1504 1332 1588 adjecto

318 1622 387 1688 σωθ
410 1623 509 1707 Atqui
532 1620 636 1687 studio
658 1621 760 1685 multo
783 1621 942 1705 pervenire
964 1622 1093 1685 fortasse
1116 1643 1153 1685 eo
1168 1622 1281 1705 poesie,
1298 1629 1333 1686 ut

254 1736 267 1760 ⁴
320 1739 395 1824 quid
419 1740 496 1804 beuc
520 1739 634 1803 Graece
657 1737 778 1801 dicetur
800 1737 904 1821 aliquo
920 1737 1012 1801 modo
1028 1738 1122 1801 scias:
1139 1760 1242 1803 vorum
1260 1761 1335 1824 quo·

320 1855 390 1920 dam
422 1855 538 1939 ingenii
566 1856 682 1939 impetu
704 1855 783 1917 scire
806 1853 882 1938 quid
905 1875 968 1917 nou
992 1854 1069 1919 bene
1093 1852 1246 1919 Graecum
1269 1878 1334 1919 esse

321 1974 435 2058 poscit,
460 1972 581 2037 videtur
607 1971 639 2035 id
663 1971 788 2055 quidem
811 1970 976 2034 difficilius.
1013 1968 1176 2049 Quomodo
1193 1970 1334 2050 tandem,

321 2090 347 2153 ai
376 2089 438 2155 οὐδὲ
469 2089 550 2170 οὐδὲ,
581 2088 606 2150 si
638 2088 700 2151 οὐδὲ
726 2087 804 2151 οὐδὲν
827 2086 905 2150 bene
927 2086 1044 2149 Graece
1066 2086 1197 2165 dicitur,
1223 2087 1335 2173 eliquia

290 2207 409 2291 ‘quasi
439 2228 477 2271 ex
509 2206 639 2289 augurio
670 2203 821 2288 quodam,
854 2203 939 2287 quod
966 2205 1033 2289 ipse
1056 2204 1138 2269 soluo
1162 2204 1335 2289 intelligat,

322 2323 467 2388 mortales
489 2330 617 2385 cunctos
640 2321 718 2384 vatis
741 2322 839 2384 instar
861 2318 990 2396 doceat,
1014 2322 1066 2384 οὐκ
1087 2321 1166 2385 οὔπω
1189 2342 1251 2384 nou
1267 2341 1338 2385 cou-

324 2440 426 2504 veuire
454 2439 586 2503 sermoni
610 2436 751 2502 Graeco?
774 2439 818 2501 at
840 2444 945 2501 tamen
969 2436 1026 2499 hoc
1049 2437 1153 2521 ipsum
1176 2437 1267 2499 etiem
1292 2443 1338 2499 est

322 2555 403 2641 apud
425 2535 626 2639 Sophoclem,
650 2552 794 2619 Ttachin.
823 2556 900 2616 158:
925 2553 1089 2618 Deianira:
1115 2552 1264 2617 Hercules
1287 2552 1338 2616 ab·

322 2673 389 2737 ieuo
411 2672 538 2756 reliquit
559 2693 643 2735 nuuc
665 2670 744 2735 mihi

502 2786 658 2866 ξονθνὶμοοθ
684 2788 763 2866 ahc>
787 2787 905 2868 σρθσθεν
926 2790 978 2853 οὐκ
999 2786 1070 2862 ἔτλη
1094 2788 1165 2853 ποτὲ

502 2907 628 2978 πολλοὺς
650 2908 771 2981 ἀγῶνοις
792 2902 872 2979 ἐξιὼν
894 2903 973 2968 οὔπω
996 2904 1121 2986 φράσοι.

370 3024 424 3084 45.
459 3022 560 3087 σλθκοο
582 3023 710 3087 σελίνων.
745 3020 872 3086 Pinderi
896 3028 995 3085 aetate
1019 3022 1081 3106 apii
1096 3022 1230 3105 praemia
1245 3021 1339 3087 fuisse

326 3138 358 3201 in
382 3136 520 3200 Isthmiis
544 3146 627 3202 certo
651 3143 790 3203 constet:
814 3137 870 3201 Ist.
895 3136 931 3201 H
956 3140 997 3200 22
1023 3138 1135 3217 Δωρίων
1154 3136 1340 3217 στεφάνωμα

326 3256 461 3319 etalem:
486 3252 543 3318 Ne.
568 3253 616 3317 IV
640 3257 701 3318 lca
717 3254 827 3330 θοθλνσε
843 3253 987 3334 Κορινθίοις
1004 3256 1132 3327 σελίνοις.
1168 3254 1342 3321 Scholiasta

326 3372 478 3438 recentior
509 3370 548 3436 ad
578 3370 663 3437 hunc
689 3370 793 3435 locum
823 3379 945 3450 monet,
969 3393 1033 3440 non
1055 3380 1176 3437 tantum
1200 3374 1340 3457 pineam,

327 3510 433 3553 verum
457 3488 547 3552 etiam
570 3488 634 3573 apii
648 3509 793 3553 coronam
808 3489 841 3553 iu
857 3488 996 3553 Iathmiis
1013 3488 1123 3567 fuisse,
1140 3498 1177 3553 ut
1192 3488 1340 3555 Nemeae:

326 3605 382 3669 sed
404 3604 537 3671 Nemeae
560 3607 623 3692 apii
647 3606 772 3683 viridis,
796 3607 828 3671 iu
852 3605 974 3673 Isthmo
994 3606 1067 3670 sicci
1083 3608 1160 3691 apii:
1178 3607 1343 3672 scholiasta

327 3729 416 3785 vetus
444 3724 507 3808 jam
536 3732 603 3787 tum
636 3724 668 3787 in
699 3722 839 3787 Iethmiie
870 3722 966 3787 fuisse
997 3724 1100 3808 apium
1132 3724 1286 3808 quomodo
1308 3725 1341 3789 iu

279 3882 283 3899 .
327 3837 470 3917 Nomeie,
501 3862 573 3904 nam
602 3847 769 3923 utrumque
800 3846 955 3905 certamen
979 3840 1072 3904 iuioee
1096 3841 1284 3927 sepulcrale,
1309 3850 1340 3906 et

328 3956 434 4042 apium
457 3978 577 4021 sacrum
600 3958 669 4021 Diia
691 3938 816 4022 inferis}
840 3980 879 4022 ex
901 3979 964 4043 quo
987 3958 1064 4021 effici
1085 3957 1220 4037 videtur,
1238 3982 1344 4025 secun·

329 4072 404 4137 dum
421 4073 487 4158 ejuc
507 4075 690 4139 senteutiam
707 4082 778 4139 aute
794 4074 898 4159 apium
913 4076 947 4139 in
962 4074 1101 4139 Isthmiia
1117 4075 1209 4141 fuisse
1226 4077 1343 4162 pinum.

328 4191 372 4255 at
393 4189 568 4269 Lucienus,
593 4192 710 4256 Auech.
735 4214 762 4255 c.
787 4194 825 4269 9,
849 4192 882 4256 iu
905 4186 1044 4257 Iathmiis
1065 4194 1189 4277 pinum,
1207 4192 1342 4259 Nemeae

328 4309 433 4392 apium
448 4319 675 4373 commemorat.
711 4310 758 4373 De
774 4310 889 4393 quibus
904 4309 996 4374 rebus
1013 4309 1239 4395 disputabimus
1256 4311 1341 4375 alies.

375 4427 428 4491 47.
463 4428 515 4492 οὐκ
540 4424 674 4502 οὶνσοξοεῖ.
710 4425 897 4510 Simpliciter
919 4426 1090 4511 significare
1115 4426 1254 4504 videtur,
1281 4426 1341 4491 Ne-
