3725 5542
991 720 1054 779 222

512 920 572 998 cit,
596 941 692 1005 quum
715 918 754 982 ad
778 917 932 1003 Alpheum
955 919 1086 997 volaret,
1111 941 1253 985 recusans
1276 923 1396 1008 corpori
1419 923 1526 989 stimu-

509 1037 576 1101 lam
606 1038 639 1100 in
671 1035 828 1113 cursibus,
853 1043 884 1099 et
907 1036 1051 1100 victoriae
1073 1036 1232 1103 dominum
1255 1038 1448 1118 admoveret,
1471 1041 1525 1125 Sy-

514 1154 666 1217 racusium
695 1176 813 1237 regem,
845 1153 1029 1239 gaudentem
1056 1156 1153 1240 equis.
1198 1154 1298 1221 Lucet
1320 1158 1349 1221 ei
1370 1157 1469 1243 gloria
1490 1159 1523 1222 in

514 1270 626 1336 celebri
647 1269 729 1355 Lydi
747 1270 870 1356 Pelopis
889 1272 978 1337 sede:
994 1294 1086 1357 quem
1101 1274 1329 1359 magnipotens,
1345 1277 1400 1361 qui
1411 1284 1523 1341 terram

436 1378 480 1441 4⁰
515 1388 623 1468 habet,
647 1387 815 1474 Neptunus
839 1390 968 1468 amavit,
992 1398 1155 1475 postquam
1178 1413 1249 1456 eum
1271 1414 1289 1457 o
1310 1392 1410 1458 lebete
1425 1395 1525 1479 splen-

512 1506 585 1571 dido
608 1508 720 1572 exemit
742 1505 872 1585 Clotho,
897 1507 988 1572 ebore
1009 1516 1153 1573 ornatum
1168 1509 1297 1575 humero
1312 1510 1423 1575 nitido.
1450 1511 1528 1576 Pro·

510 1624 590 1688 lecto
612 1624 711 1688 marlta
733 1624 827 1687 mira:
851 1632 882 1687 et
905 1623 1010 1708 aliquo
1031 1624 1124 1689 modo
1146 1627 1238 1691 etiam
1258 1628 1525 1711 supmveritatem

511 1748 635 1806 ornatae
668 1741 836 1806 mendaciis
869 1741 961 1805 variis
990 1740 1113 1805 fabulae
1143 1741 1302 1828 decipiunt
1330 1752 1449 1807 mentes
1471 1744 1525 1808 ho

510 1860 644 1923 minum:
668 1866 700 1923 et
722 1859 837 1943 gratia,
866 1881 945 1944 quae
967 1866 1079 1925 cuncta
1100 1860 1175 1924 facit
1196 1859 1300 1924 dulcia
1322 1860 1522 1939 mortalibus,

433 1978 474 2039 50
509 1977 656 2041 honorem
691 1974 819 2040 afferens
854 1976 955 2042 effecit
988 1985 1025 2041 ut
1054 1977 1147 2041 etiam
1177 1976 1308 2041 infidum
1330 2000 1421 2062 saepe
1443 1986 1522 2042 esset

508 2094 619 2159 fidum:
643 2117 749 2159 uerum
764 2095 879 2179 posteri
894 2094 960 2160 dies
976 2102 1049 2159 sunt
1063 2103 1157 2160 testes
1172 2096 1400 2180 sapientissimi.
1424 2096 1522 2160 Decet

505 2210 659 2275 bominem
692 2211 729 2276 de
759 2211 829 2275 Diis
860 2211 960 2276 dicere
987 2212 1110 2298 pulcra:
1135 2212 1180 2275 sio
1202 2212 1283 2277 enim
1306 2212 1407 2276 minor
1428 2212 1520 2297 culpa

506 2336 562 2393 est.
596 2328 658 2393 Fili
680 2328 820 2407 Tantali,
839 2351 896 2414 ego
915 2338 965 2408 te,
985 2338 1092 2394 contra
1106 2330 1239 2414 priores,
1255 2330 1404 2407 narrabo,
1422 2352 1520 2414 quum

428 2444 469 2505 60
505 2455 592 2532 pater
625 2446 665 2510 ad
697 2448 901 2532 justissimum
936 2447 1111 2511 convivium
1144 2445 1349 2532 dilectamque
1378 2446 1518 2532 Sipylum

503 2570 626 2628 vocaret
647 2563 748 2641 Deos,
772 2563 906 2628 vicissbn
929 2564 969 2628 iis
991 2563 1140 2648 praebens
1151 2564 1276 2649 epulas,
1292 2572 1368 2629 tunc
1379 2566 1519 2649 rapuisse

503 2680 814 2767 'lb-identipotentem,
846 2686 949 2745 mente
971 2681 1086 2746 victum
1109 2703 1228 2760 amore,
1251 2680 1284 2745 in
1308 2703 1400 2745 aureo
1423 2703 1516 2745 cmru

501 2798 540 2862 ad
571 2820 722 2863 summam
751 2796 813 2862 late
843 2797 986 2862 honorati
1013 2796 1100 2861 Jovis
1123 2797 1249 2861 domum
1271 2804 1514 2881 transportasse,

425 2912 465 2975 70
501 2936 562 2999 quo
597 2920 718 3000 postero
752 2920 889 2998 tempore
923 2914 1007 2977 venit
1037 2913 1128 2977 etiam
1160 2912 1353 2997 Ganymedea
1377 2910 1450 2976 Jovi
1473 2912 1513 2977 ad

502 3054 593 3098 usum
624 3030 765 3096 eundem.
811 3030 872 3095 Sed
895 3052 992 3115 quum
1015 3052 1079 3094 non
1101 3050 1277 3114 appareres,
1302 3051 1358 3093 nec
1381 3031 1514 3094 multum

499 3156 679 3234 quaerentes
703 3147 841 3212 homines
864 3155 895 3211 te
917 3146 957 3210 ad
972 3154 1101 3210 matrem
1115 3144 1320 3223 adducerent,
1337 3145 1417 3209 dixit
1436 3147 1514 3211 clam

498 3267 611 3351 aliquis
634 3266 782 3331 contiuuo
804 3264 973 3329 vicinorum
996 3262 1188 3339 invidorum,
1212 3264 1246 3325 in
1263 3264 1396 3327 marimo
1411 3286 1511 3349 aquae

421 3384 462 3445 8⁰
498 3386 588 3469 igneo
611 3384 727 3448 fervore
750 3404 801 3447 eos
824 3381 924 3446 cultro
948 3380 1080 3444 secuisse
1098 3380 1233 3444 membra
1248 3386 1280 3444 ct
1294 3380 1374 3444 circa
1388 3403 1511 3446 mansas

494 3500 643 3565 secundas
677 3498 784 3585 epulas
814 3498 952 3562 carnium
982 3503 1106 3561 tuarum
1133 3495 1326 3560 distribuisse
1353 3504 1384 3561 et
1412 3518 1512 3561 come·

492 3620 583 3684 disse.
630 3616 696 3702 Ego
726 3638 797 3681 vero
827 3637 890 3679 non
921 3636 1046 3699 possum
1073 3634 1248 3697 quenquam
1271 3614 1433 3678 beatorum
1456 3636 1512 3699 ap-

492 3735 605 3822 pellare
640 3740 743 3798 ventm
777 3732 1000 3796 insanientem:
1036 3730 1162 3796 absum:
1196 3731 1312 3796 malum
1345 3732 1507 3817 occupavit

491 3874 581 3937 saepe
611 3874 680 3929 eos,
712 3852 767 3935 qui
797 3849 994 3915 maledicunt.
1040 3848 1074 3912 Si
1104 3870 1195 3932 quem
1221 3850 1323 3913 sirum
1345 3849 1507 3914 mortalem

490 3969 615 4055 Olympi
650 3976 780 4033 rectores
815 3967 1023 4044 honorarunt,
1055 3966 1116 4030 luit
1145 3965 1294 4029 Tantalus
1326 3966 1428 4031 hicce:
1459 3989 1509 4030 ve-

489 4108 558 4151 rum
595 4086 677 4151 enim
709 4106 898 4169 concoquere
929 4106 1072 4168 magnam
1102 4083 1259 4173 ronanam
1289 4104 1351 4147 uon
1384 4084 1505 4168 potuit,

413 4208 454 4268 90
489 4203 632 4287 fastuque
655 4203 735 4287 cepit
758 4201 875 4266 cladem
898 4201 1072 4285 ingentem,
1095 4222 1189 4285 qaam
1212 4222 1305 4285 supra
1332 4222 1403 4264 eum
1419 4210 1506 4286 pater

487 4319 665 4405 suspendit,
698 4316 887 4403 suspendens
918 4318 947 4381 ei
975 4339 1066 4401 grave
1093 4339 1222 4395 saxum,
1246 4316 1330 4401 quod
1353 4316 1407 4381 ille
1429 4341 1505 4383 sem·

489 4460 543 4521 per
582 4444 720 4500 metuens
760 4458 799 4499 ne
836 4439 930 4518 caput
968 4455 1057 4498 suum
1096 4435 1186 4499 feriat
1222 4433 1356 4498 laetitiae
1395 4458 1503 4520 expers
