3725 5542
995 663 1035 722 70

503 862 666 926 Chimaera
681 864 828 926 virtutem
840 860 1105 925 commemoravit:
1119 860 1173 922 sed
1185 861 1218 923 iu
1230 880 1266 923 eo
1279 860 1317 923 ad
1330 860 1520 924 laudandum

505 981 674 1065 composito
693 979 826 1043 carmine
847 988 976 1043 mortem
992 978 1058 1061 ejus
1076 978 1192 1041 tristem
1209 976 1353 1062 superbia
1368 977 1522 1041 inventam

505 1098 625 1161 oruisit:
649 1096 768 1175 „silebo
792 1096 858 1179 ejus
882 1104 1011 1159 mortem
1035 1094 1124 1179 ego.''
1139 1098 1161 1178 ¹)
1196 1095 1365 1180 Postquam
1386 1096 1520 1159 narravit

505 1216 622 1279 Ixionis
638 1214 745 1277 dolum
760 1213 1058 1298 intemperatumque
1074 1234 1207 1275 amorem
1223 1220 1254 1275 et
1270 1212 1474 1297 supplicium,
1492 1222 1524 1274 et

505 1334 620 1415 absque
637 1332 751 1395 Gratiis
768 1338 903 1395 creatum
916 1330 1106 1394 Centaurum
1119 1330 1247 1413 ejusque
1259 1331 1399 1393 odiosum
1412 1330 1523 1393 miran-

504 1450 639 1533 dumque
653 1458 852 1534 proventum,
870 1471 887 1511 a
902 1447 1042 1512 miraculi
1057 1448 1281 1531 vituperatione
1297 1448 1345 1511 vel
1360 1448 1523 1513 audaciore

505 1569 543 1632 de
556 1590 591 1631 eo
600 1566 718 1652 judicio
731 1590 763 1629 se
775 1566 913 1643 cohibet,
927 1588 1043 1630 memor
1055 1566 1210 1650 potentiae
1221 1565 1291 1642 Dei,
1304 1566 1358 1649 qui
1371 1565 1524 1649 quidlibet-

505 1686 624 1769 perficit
648 1684 690 1747 ita
714 1690 750 1747 nt
774 1684 859 1759 vult,
886 1705 919 1747 se
942 1705 1013 1747 vero
1036 1684 1081 1746 ait
1103 1684 1209 1766 fugere
1231 1692 1371 1766 oportere
1387 1704 1523 1745 morsum

506 1800 836 1885 maledicentiorem&
880 1800 1017 1883 Aeginae
1047 1799 1176 1883 antiqua
1200 1799 1329 1862 historia
1352 1800 1524 1863 delectatus

506 1920 566 1995 ita,
600 1924 635 1981 ut
665 1940 683 1980 a
713 1926 862 2003 perpetua
895 1917 1098 1980 Aeacidarum
1128 1915 1305 1980 laudatione
1328 1917 1379 1979 vix
1402 1917 1524 2000 seipse

507 2036 664 2113 cohibeat,
677 2036 701 2119 8)
725 2035 838 2099 adduci
861 2057 923 2099 non
947 2042 1065 2118 potest,
1091 2042 1127 2097 ut
1146 2034 1243 2097 Phoci
1258 2033 1380 2098 caedem
1397 2034 1523 2098 aPeleo

506 2176 541 2217 ao
570 2154 735 2218 Telamone
758 2154 869 2217 luctam
892 2160 1126 2216 commemoret:
1150 2174 1278 2229 ‚flerent
1300 2152 1419 2238 aliquid
1441 2176 1525 2237 mag-

504 2294 581 2336 num
605 2271 705 2335 dicere
729 2278 760 2334 et
783 2271 816 2335 in
836 2270 954 2355 judicio
977 2292 1040 2334 non
1060 2269 1252 2354 judicatum,
1277 2269 1432 2353 quomodo
1454 2269 1525 2333 reli-

505 2390 629 2473 querint
651 2387 784 2453 insulam
808 2389 993 2473 gloriosam,
1018 2396 1049 2452 et
1072 2389 1142 2472 quis
1165 2388 1251 2452 Deus
1276 2387 1354 2451 viros
1377 2388 1470 2452 fortes
1485 2410 1524 2451 ex

505 2508 632 2572 Oenone
655 2508 824 2593 pepulerit:
849 2530 910 2571 non
935 2507 1015 2571 utile
1038 2516 1084 2570 est
1106 2507 1206 2571 omnis
1229 2506 1365 2570 veritatis
1382 2513 1523 2569 accurate

505 2626 638 2690 frontem
661 2625 798 2702 ostendi,
823 2634 855 2689 et
876 2625 967 2689 silere
990 2648 1081 2709 saepe
1103 2624 1223 2689 bomini
1241 2623 1392 2708 sapientia
1406 2624 1523 2708 optima

506 2750 562 2807 est.
609 2742 641 2805 Si
671 2764 743 2805 vero
773 2742 949 2807 felicitatem
980 2741 1028 2806 vel
1059 2763 1206 2806 manuum
1236 2742 1296 2804 vim
1320 2739 1367 2805 vel
1389 2741 1522 2805 ferreum

505 2859 631 2924 laudare
659 2859 776 2923 bellum
807 2859 925 2944 placet,
950 2860 1137 2945 longinquos
1160 2858 1258 2923 saltus
1280 2859 1358 2923 mibi
1380 2860 1450 2944 quis
1472 2859 1525 2923 ab·

507 2978 578 3041 hinc
602 2977 763 3054 suffodiat,
789 2978 885 3043 babeo
909 3000 1046 3063 genuum
1069 2978 1198 3041 celerem
1213 2978 1378 3061 impetum,
1396 2986 1427 3041 et
1442 2977 1524 3042 ultra

506 3118 587 3159 mare
611 3094 714 3159 volant
738 3095 928 3179 aquilae.’'4)
963 3095 1014 3159 Sic
1038 3094 1181 3179 quidem,
1206 3095 1261 3178 qui
1284 3094 1405 3178 aquilae
1428 3095 1525 3159 instar

505 3214 605 3276 evolet
636 3213 667 3276 in
699 3235 799 3277 rerum
830 3212 980 3277 bonarum
1009 3211 1254 3298 praedicatione,
1278 3211 1360 3276 idem
1383 3213 1526 3277 subsistit

505 3339 535 3395 et
558 3332 629 3395 silet
651 3332 828 3396 contrarias.

551 3449 660 3513 Musae
677 3471 762 3526 vero,
780 3450 820 3527 si,
837 3464 874 3513 ut
890 3449 1097 3513 scribebamus
1113 3450 1203 3513 initio
1218 3449 1313 3535 hujus
1324 3449 1523 3534 paragraphi,

506 3574 618 3649 regunt
641 3568 759 3644 omnia,
784 3566 865 3629 Deos
886 3566 1011 3649 quidem
1028 3573 1059 3630 et
1073 3566 1228 3649 quidquid
1243 3567 1312 3631 Diis
1328 3567 1460 3632 amicum
1475 3576 1525 3631 est

507 3682 591 3747 dulci
618 3684 782 3767 regimine,
808 3685 960 3748 contraria
981 3707 1053 3748 vero
1076 3694 1191 3749 terrore
1215 3694 1246 3749 et
1267 3685 1359 3769 loga,
1384 3708 1458 3770 age,
1482 3687 1526 3749 vi·

507 3800 648 3879 deamus,
673 3802 748 3885 quid
772 3802 846 3866 haec
869 3804 1023 3866 sententia
1045 3803 1172 3867 efficiat:
1196 3803 1270 3867 licet
1292 3804 1373 3869 enim
1397 3805 1430 3868 in
1453 3804 1526 3868 Pin·

506 3917 580 3982 daro
603 3920 685 4003 ipsas
709 3942 830 3984 cernere
851 3920 968 3983 Musas.
1007 3919 1133 4005 Quippe
1148 3921 1246 4005 ipsius
1262 3921 1413 3999 veritatis,
1431 3944 1525 4006 quam

505 4037 706 4101 immortalem
723 4061 789 4102 esse
808 4039 912 4116 decet,
926 4040 1055 4125 suscipit
1066 4039 1288 4124 patrocinium,
1301 4062 1399 4124 eoque
1411 4040 1524 4123 magis,

506 4154 590 4238 quod
613 4176 710 4239 genus
734 4155 894 4221 hominum
918 4157 1048 4221 mortale
1062 4158 1165 4241 ipsum
1181 4167 1243 4235 est,
1260 4157 1391 4241 ideoque
1407 4157 1523 4235 clades,

510 4278 687 4289 ι-

539 4326 563 4387 l)
583 4326 620 4375 01.
638 4327 716 4377 XIII.
736 4327 791 4377 180.
930 4331 956 4389 Β)
973 4330 1015 4395 Pp.
1034 4330 1072 4379 ΙΙ.
1090 4330 1132 4377 89.
1273 4329 1299 4389 8)
1317 4330 1382 4378 Nera.
1404 4328 1462 4377 ΠΙ.
1480 4325 1524 4378 78.

540 4422 566 4481 4)
585 4422 649 4471 Neu.
671 4422 695 4470 7.
714 4422 753 4471 25.
