3725 5542
851 774 914 835 309

377 994 427 1035 eos
451 972 614 1056 significari
638 974 806 1050 existimat,
831 974 883 1058 qui
909 996 1005 1058 quum
1026 974 1163 1039 nondum
1178 974 1210 1037 in
1227 974 1383 1039 beatorum

375 1089 490 1153 insulas
525 1092 748 1175 pervenissent,
786 1104 886 1157 tamen
918 1093 981 1176 jam
1017 1102 1141 1179 propter
1175 1092 1269 1156 vitam
1301 1093 1384 1176 juste

374 1214 526 1292 peractam
556 1208 638 1294 apud
669 1210 780 1274 inferos
811 1210 878 1274 Diis
907 1210 1011 1275 dilecti
1041 1212 1112 1275 sint.
1159 1208 1274 1275 Verum
1299 1211 1382 1295 geni-

376 1325 472 1390 tivum
508 1328 649 1412 partitive
684 1330 819 1413 positum
857 1350 922 1392 esse
957 1330 1114 1407 existimo,
1154 1336 1184 1393 et
1219 1330 1383 1414 significari

376 1444 456 1508 Deos
479 1444 615 1509 Inferos:
641 1447 765 1510 nomina
787 1454 889 1510 autem
914 1446 996 1511 sileri
1021 1456 1144 1533 propter
1166 1448 1293 1513 eandem
1317 1472 1386 1513 ‹au-

375 1584 456 1639 sam,
491 1584 552 1646 qua
587 1585 619 1625 vs
655 1565 715 1627 108
752 1586 863 1628 nomeu
894 1562 1008 1647 judicis
1041 1563 1164 1658 silentio
1195 1565 1383 1649 praetermis·

375 1704 442 1745 sum
466 1690 520 1745 est.

424 1802 494 1865 122.
529 1801 658 1880 ὀκχέοντι
681 1800 773 1867 πόνον.
809 1799 849 1864 Cf
871 1799 962 1865 Hom.
987 1798 1046 1865 Od.
1070 1800 1135 1865 Vll
1155 1804 1217 1864 211
1243 1802 1382 1882 ὀχέοντας

374 1919 468 2000 ὀϊζύν,
494 1928 523 1985 et
547 1919 594 1984 XI
619 1922 679 1985 617
706 1919 794 1984 xanta
817 1920 915 1999 μόνον,
941 1918 1023 2000 barep
1046 1921 1120 1997 ἐγὼν
1142 1919 1287 2000 ὀχέεσκον.

422 2040 494 2101 123.
529 2039 557 2109 ἐς
580 2037 649 2116 τρὶς.
685 2036 896 2123 Comparanda
923 2060 1103 2123 magnopere
1134 2060 1204 2102 cnm
1236 2038 1383 2102 hocloco

375 2157 510 2221 Platonis
534 2157 685 2221 sententia
709 2166 772 2234 est,
805 2159 837 2223 in
863 2157 1000 2222 Phaedro
1025 2160 1099 2222 249.
1147 2156 1227 2221 Nam
1251 2158 1293 2223 ibi
1316 2158 1382 2221 reli·

375 2276 442 2360 quis
472 2276 575 2340 decem
598 2277 728 2341 vitarum
760 2278 856 2361 spatia
882 2278 924 2341 ita
947 2276 1118 2363 peragenda
1141 2284 1231 2355 sunt,
1255 2285 1291 2340 ut
1315 2283 1384 2361 post

374 2394 501 2479 primam
533 2396 625 2459 vitam
652 2394 804 2479 judicium
836 2396 902 2474 fiat,
936 2404 966 2460 et
997 2396 1042 2460 vel
1073 2396 1103 2459 in
1135 2395 1239 2460 inferis
1273 2394 1319 2459 vel
1350 2396 1381 2458 in

374 2513 476 2599 aliquo
504 2514 580 2578 coeli
604 2514 670 2578 loco
701 2513 854 2598 reliquum
878 2524 998 2599 tempus
1022 2515 1208 2598 transigant,
1233 2521 1265 2577 at
1288 2512 1382 2578 mille·

374 2634 450 2697 simo
480 2655 601 2717 quoque
632 2656 711 2697 anno
743 2656 838 2697 novae
863 2634 941 2699 vitae
965 2634 1017 2697 fiat
1041 2634 1180 2698 initium:
1206 2632 1382 2719 philosophi

375 2774 443 2816 vero
475 2762 635 2837 postquam
668 2762 727 2816 tres
751 2752 891 2837 periodos
915 2752 1109 2817 millenorum
1133 2774 1281 2816 annorum
1304 2774 1381 2816 corn-

375 2869 551 2954 plevernnt,
575 2870 632 2933 alia
656 2871 784 2956 receptis
809 2869 847 2934 ad
870 2870 952 2934 Deos
976 2870 1099 2935 abeunt.
1146 2873 1304 2934 Annorum
1327 2892 1381 2933 nu·

376 3012 473 3053 meros
504 2990 561 3053 hoc
591 2988 657 3053 loco
689 2988 839 3083 Pindarus
870 3011 932 3053 non
964 2990 1162 3054 determinat:
1195 3010 1300 3052 venum
1323 2988 1380 3052 hoo

375 3108 504 3173 maxime
526 3107 719 3172 memorabile
743 3116 803 3184 est,
828 3107 858 3171 id
871 3109 965 3193 justis
981 3131 1000 3172 a
1014 3106 1147 3173 Pindaro
1163 3107 1271 3185 tribon
1297 3107 1379 3191 quod

374 3226 541 3290 aPlatone
572 3226 717 3291 tribuitur
747 3225 947 3313 philosophie.
994 3224 1060 3291 Nec
1092 3248 1163 3290 sanc
1191 3226 1311 3310 justitia
1337 3248 1380 3289 se

373 3344 508 3409 cundum
540 3344 705 3409 Pindarum
736 3354 766 3409 et
796 3345 991 3431 philosophia
1020 3346 1187 3410 secundum
1220 3344 1377 3408 Platonem

373 3464 453 3527 inter
475 3487 506 3528 se
530 3464 696 3528 contrariae
720 3472 801 3528 sunl.
849 3462 1031 3528 Conferatur
1053 3464 1172 3548 lhagm.
1189 3462 1300 3526 Thren.
1321 3460 1377 3539 IV,
1412 3473 1417 3486 “

374 3604 435 3667 quo
459 3582 537 3648 vitae
561 3591 628 3667 post
651 3605 767 3647 nonum
791 3602 904 3647 minum
927 3582 1082 3647 renovatio
1106 3588 1299 3647 memoratur.
1422 3556 1426 3563 Ι

421 3703 492 3764 126.
528 3701 650 3765 ἔτειλαν.
682 3701 774 3766 Recte
797 3700 962 3765 scholiasta
981 3710 1067 3764 vetus
1083 3700 1300 3785 interpretatur
1315 3702 1376 3764 ἕτε-

373 3820 512 3902 asloncia,
538 3820 652 3895 ἤνυσαν.

418 3938 485 4009 Διὸς
517 3937 577 4002 ὁδὸν
604 3960 685 4015 napa
716 3937 814 4017 Κρόνον
844 3935 949 4014 τύρσιν.
997 3934 1193 3999 Manifestum
1225 3946 1286 4013 est,
1312 3936 1376 4019 ejus

372 4058 565 4134 inimicitiae,
591 4078 668 4140 quae
690 4055 760 4120 Jovi
783 4055 926 4119 adversus
951 4054 1086 4119 Gronum
1102 4055 1193 4118 fuisse
1208 4053 1375 4133 dicebatur,

371 4178 500 4242 maxime
523 4174 651 4241 alienam
675 4175 711 4240 ab
735 4175 882 4239 hocloco
907 4198 972 4239 esse
995 4174 1179 4239 memoriam.
1210 4172 1269 4238 Via
1290 4172 1375 4237 Jovis

371 4296 453 4384 apud
476 4294 643 4359 Homerum
667 4303 722 4358 est
735 4292 773 4357 ad
798 4294 979 4379 Aethiopas,
1006 4302 1041 4357 ut
1063 4293 1106 4358 ibi
1127 4294 1245 4356 fruatur
1260 4291 1373 4377 epulis:
1450 4318 1454 4325 ·

371 4416 408 4479 Il.
432 4415 449 4480 I
473 4416 547 4478 423.
595 4411 687 4500 Apud
712 4412 870 4477 Platonem
894 4419 1016 4490 contra,
1040 4410 1072 4476 in
1096 4410 1235 4475 Phaedro
1251 4432 1280 4495 p.
1299 4411 1373 4487 247,

373 4534 409 4600 ad
441 4534 506 4599 loca
537 4556 628 4618 supra
658 4532 777 4597 coelum
806 4533 919 4619 posita,
950 4540 986 4596 ut
1016 4531 1059 4595 ibi
1088 4532 1184 4616 ipsam
1205 4528 1374 4615 justiliam,
