3725 5542
802 731 865 793 515

327 931 386 995 sibi
416 930 560 994 ridentur
590 952 608 993 e
638 951 672 992 va
695 926 745 992 Ol.
770 928 800 992 X
822 932 888 992 120
912 930 964 993 τὸν
985 926 1058 994 lllcr
1080 932 1255 1011 naariam,
1280 952 1342 995 non

328 1050 405 1111 satia
433 1055 516 1111 certo
540 1054 721 1131 argumento
745 1048 791 1110 uti
814 1046 962 1110 arbitror:
988 1048 1067 1111 conl.
1092 1048 1162 1111 arri.
1188 1048 1227 1111 ad
1250 1046 1301 1113 Ol.·
1326 1048 1342 1112 l

331 1169 394 1233 178
427 1188 457 1251 p.
490 1168 574 1244 288,
606 1163 657 1228 Ol.
690 1163 737 1227 IV
768 1169 789 1227 4
817 1186 848 1248 p.
873 1168 957 1238 347.
982 1164 1032 1229 Ol.
1059 1164 1122 1229 VII
1146 1168 1189 1229 24
1211 1189 1241 1251 p.
1267 1169 1343 1231 tlt.

331 1284 373 1348 ut
397 1282 616 1367 Ageaitlamum
638 1290 720 1347 certe
742 1281 882 1346 nondum
904 1281 978 1345 Pisa
1000 1282 1032 1345 in
1054 1283 1183 1366 patriam
1200 1283 1343 1362 rediiace,

330 1418 428 1483 quum
460 1399 519 1464 hoc
549 1421 671 1463 carmen
702 1399 872 1483 acciperet,
903 1399 1080 1463 existimant
1110 1398 1236 1483 qnidam
1268 1422 1284 1463 e
1312 1422 1345 1463 va

332 1516 428 1601 hujus
455 1516 599 1580 carminis
634 1520 691 1593 ll,
724 1515 886 1580 relerentes
916 1540 968 1593 μιν
998 1516 1035 1580 ad
1068 1518 1232 1581 victorem:
1262 1516 1346 1601 quod

332 1633 458 1719 quidem
480 1633 557 1697 mihi
580 1632 670 1697 aliter
691 1632 787 1697 rideri
809 1652 847 1699 eo
869 1634 939 1698 loco
950 1632 1128 1719 significabo
1138 1660 1149 1698 τ·
1161 1656 1262 1719 neque
1279 1637 1344 1719 ipaa

333 1765 382 1815 rea
411 1750 489 1816 milri
515 1751 639 1816 videtur
660 1750 889 1836 improbabilia,
913 1772 1019 1816 rerum
1043 1760 1257 1836 argumentum
1282 1772 1344 1817 aron
1436 1758 1437 1761 ’

332 1869 488 1933 idoneum.

378 1986 602 2071 Argumentum
626 1984 771 2049 carminis
794 2006 940 2068 perquam
955 1986 1093 2070 'simplex
1114 1997 1176 2051 eat:
1196 1966 1346 2070 postulari

334 2104 499 2169 virtutibus
532 2101 692 2167 laboriosis
728 2102 890 2185 praeconia
924 2104 1111 2179 carminum,
1147 2102 1278 2166 maxime
1312 2122 1348 2165 ea

332 2221 429 2286 tribui
460 2220 628 2284 victoribus
656 2216 837 2303 Olympiae„
872 2218 911 2283 Se
933 2220 1036 2304 ipsum
1061 2240 1168 2283 eorum
1190 2227 1348 2283 auctorem

334 2360 402 2402 ease
422 2359 480 2423 ope
503 2337 624 2400 divina:
649 2345 681 2399 et
702 2357 793 2400 nunc·
809 2334 935 2419 quidem
958 2336 1110 2401 celebrare
1126 2336 1345 2421 Agesirlarnum

333 2463 457 2542 propter
479 2454 652 2539 pugilatum
673 2461 704 2517 et
721 2453 890 2517 victoriam.
925 2453 1005 2518 Tum
1026 2453 1132 2517 Musas
1151 2454 1289 2529 invocat,
1313 2462 1348 2516 ut

333 2581 459 2656 gentem
478 2570 647 2635 Iaocrorm
671 2569 944 2655 Epizephyriornm
971 2570 1113 2646 visitent,
1140 2570 1234 2633 insita
1249 2568 1350 2653 hospi-

334 2688 453 2751 talitate
467 2686 639 2771 atndiiaqua
653 2686 821 2771 sapientiae
837 2693 868 2751 et
883 2686 1008 2750 militari
1021 2686 1134 2750 virtute
1146 2684 1347 2750 laudabilem.

380 2925 410 2987 1.
445 2922 522 2986 loro
544 2922 705 3001 ἀνθρώποις.
741 2920 914 2985 Ventorum
938 2921 973 2984 in¹
993 2921 1204 3005 navigatione,
1221 2919 1345 3005 pluviae

334 3041 368 3104 in
391 3038 581 3122 agricultura
602 3059 757 3103 summum
779 3052 870 3101 uautn
895 3056 979 3115 auae,
1003 3054 1103 3121 neque
1125 3060 1175 3101 eas
1198 3036 1246 3101 hia
1263 3037 1351 3122 adju·

333 3156 446 3219 mentia
469 3174 558 3240 pocae
573 3175 674 3218 carere
688 3154 785 3218 Poeta
799 3154 969 3239 significat:
987 3154 1128 3219 similiter
1144 3172 1216 3217 vero
1231 3153 1352 3218 labores

330 3273 432 3356 juvari
448 3272 579 3357 hymnis.
612 3269 755 3350 Quorum
769 3292 920 3337 summam
938 3272 1126 3335 suavitatem
1138 3280 1169 3335 et
1184 3270 1350 3337 virtutibus

333 3390 470 3455 debitam
496 3390 627 3475 gratiam
648 3388 781 3453 maxime
803 3397 834 3454 et
858 3390 955 3453 aenait
978 3396 1009 3453 et
1032 3387 1186 3474 paternus
1209 3396 1256 3453 cat
1279 3388 1349 3453 Pin-

333 3506 443 3583 darne,
475 3515 508 3570 et
531 3506 588 3569 hoc
611 3518 737 3589 quoque
758 3504 827 3569 loco
849 3505 894 3567 ita
916 3504 1017 3583 canit,
1042 3513 1078 3568 ut
1101 3512 1258 3589 comparat
1279 3526 1348 3571 cunr

333 3610 519 3707 adjumentis
542 3622 744 3687 maximorum
766 3621 800 3685 iu
824 3620 1005 3686 mortalibus
1029 3634 1174 3706 operum,
1199 3640 1296 3705 quum
1314 3620 1353 3683 ad

334 3740 427 3803 vitam
459 3738 635 3821 victumque
662 3737 742 3802 nihil
764 3738 962 3821 navigatione
985 3746 1017 3801 et
1040 3736 1230 3821 agricultura
1253 3738 1349 3821 magia

336 3857 517 3939 pertineret,
538 3854 633 3935 χθόνα
653 3855 811 3933 ταράσσειν
826 3855 856 3918 at
870 3856 957 3933 χερὸς
972 3854 1060 3936 ἀκμᾷ
1075 3856 1125 3919 nal
1141 3854 1255 3919 πόντιον
1272 3852 1353 3933 ὕδωρ.

336 3970 387 4036 Ol.
411 3970 447 4034 Π
474 3974 547 4035 1213.

382 4093 413 4153 4.
449 4090 473 4154 cl
496 4089 526 4152 δὲ
548 4090 608 4153 σὺν.
643 4086 818 4171 Beaplcitur
840 4085 966 4170 quidem
985 4087 1115 4151 maxime
1133 4087 1171 4151 erl
1187 4089 1355 4151 certamina

339 4219 370 4271 et
401 4207 562 4286 victorias,
594 4203 647 4267 sed
671 4225 708 4267 ea
730 4222 800 4267 mox
824 4224 858 4266 va
882 4206 899 4269 7
925 4203 1038 4270 diserte
1061 4212 1354 4267 commemoraturus

340 4325 434 4389 Poeta
456 4323 622 4408 praeponit
641 4320 842 4396 sententiam,
866 4339 948 4402 quae
969 4320 1113 4383 universa
1136 4320 1201 4382 aito
1219 4319 1251 4382 id
1266 4317 1352 4403 quod

339 4442 429 4504 etiam
453 4437 639 4522 intelligitur
661 4458 698 4499 en
721 4436 862 4519 optativo
885 4436 1019 4515 epulcro.

1179 4552 1233 4608 33*
