3725 5542
973 725 1036 786 382

504 922 616 988 tarde
639 924 746 990 decore
768 927 898 989 maxime
921 927 1096 1012 conspicuo.
1120 925 1179 990 Sed
1203 927 1252 991 hic
1273 926 1396 1011 quidem
1413 927 1509 1011 magis

502 1044 689 1128 significatio
712 1046 853 1118 convenit
876 1045 1101 1130 quodammodo
1125 1068 1195 1110 cum
1218 1045 1395 1110 Herodoto:
1420 1067 1508 1146 narnJ

502 1183 685 1246 quamquam
709 1161 826 1226 decoris
848 1171 880 1226 et
901 1163 1037 1227 caritatis
1057 1163 1278 1248 significatione
1298 1186 1360 1228 non
1376 1171 1508 1241 semota,

501 1289 602 1345 tamen
621 1279 812 1365 praedicatur
831 1281 961 1344 maxime
980 1281 1048 1345 laus
1061 1281 1214 1358 vaticinii,
1227 1305 1288 1366 quo
1302 1282 1506 1368 Amphiaraus

500 1398 628 1464 consilia
645 1399 794 1478 dedisset,
812 1400 967 1464 veritatem
979 1401 1161 1485 aperuisset,
1176 1401 1280 1464 futura
1295 1400 1502 1487 praevidisset.

545 1520 598 1583 27.
631 1519 807 1600 ἀμφότερον.
841 1516 892 1582 01.
916 1517 934 1582 Ι
959 1520 1032 1582 166.
1058 1515 1148 1583 Hom.
1173 1519 1211 1583 Π.
1236 1519 1288 1584 ΠΙ
1313 1522 1374 1585 lis

540 1637 707 1718 ἰμφὸτερνν
728 1636 871 1713 βασιλεύς
895 1637 923 1700 τ’
946 1638 1055 1714 ἀγαθὸς
1078 1622 1214 1718 νρανερὸς
1236 1641 1264 1704 τ’
1286 1640 1449 1718 αἰχμητής.

496 1756 543 1819 De
566 1755 752 1840 Amphiarao
775 1755 870 1840 Soph.
893 1755 972 1820 Oed.
996 1755 1062 1820 Col.
1089 1759 1173 1820 1313

626 1870 680 1947 οἶος
702 1874 850 1955 ὃνρύσσννς
873 1875 1081 1956 Ἀμφιάρεως,
1105 1876 1145 1940 τὰ
1169 1881 1270 1955 πρῶτα
1293 1876 1347 1953 μὲν

625 1993 679 2073 δορὶ
702 1992 847 2073 κρατύνων
868 1997 970 2073 πρῶτα
992 1991 1016 2056 δ’
1038 1994 1136 2058 cicada
1158 1993 1238 2065 thre.

538 2114 590 2174 30.
625 2114 730 2188 κώμου.
765 2111 846 2175 Sunt
877 2113 931 2195 qui
962 2111 1020 2175 hoc
1051 2111 1200 2177 vocabulo
1224 2133 1366 2196 pompam
1388 2111 1501 2196 signifi·

495 2230 555 2294 cari
577 2230 712 2294 credant
759 2229 816 2294 Est
838 2250 908 2293 vero
932 2230 1044 2294 testum
1068 2252 1198 2295 carmen.
1222 2227 1268 2294 of.
1293 2229 1346 2314 Py.
1368 2229 1420 2294 ΠΙ
1438 2233 1499 2294 180

494 2358 525 2412 et
554 2348 654 2413 multa
682 2348 829 2432 exempla
876 2347 1021 2413 Ceterum
1050 2349 1118 2412 lans
1142 2349 1321 2434 Amphiarai
1334 2367 1438 2434 'quum
1461 2349 1499 2413 ad

494 2469 636 2552 Agesiam
659 2468 874 2545 transferatur,
897 2467 1062 2532 scholiasta
1085 2477 1172 2532 vetus
1193 2489 1263 2532 eum
1279 2489 1349 2532 cum
1367 2467 1501 2533 Hierone

492 2586 639 2650 militasse
660 2596 692 2651 et
714 2585 812 2650 multa
833 2585 915 2650 bella
938 2587 1081 2650 vaticinio
1097 2595 1127 2650 et
1142 2585 1324 2650 fortitudine
1339 2586 1499 2670 perfecisse

491 2704 582 2768 dicit:
614 2704 722 2768 saltem
744 2704 776 2768 id
798 2706 932 2780 narrari,
955 2705 1032 2782 φασὶ
1056 2704 1125 2782 γάρ.
1173 2703 1213 2768 llt
1235 2713 1315 2768 certe
1338 2713 1443 2768 ratum
1466 2705 1498 2768 in

489 2824 579 2890 bellis
591 2823 731 2908 gerendis
745 2823 907 2887 maximam
922 2823 1016 2886 fuisse
1027 2822 1191 2893 utilitatem
1203 2823 1414 2886 annotavimus
1427 2845 1495 2909 pag.

490 2947 554 3009 372
567 2951 598 3009 et
609 2945 689 3009 373:
702 2943 792 3007 etiam
803 2941 1026 3027 Thrasybulus,
1040 2941 1078 3006 de
1087 2965 1149 3026 quo
1157 2943 1333 3028 scripsimus
1341 2965 1409 3027 pag.
1419 2944 1495 3021 373,

487 3065 520 3128 in
552 3063 666 3149 proelio
699 3062 957 3126 Mantineensium
985 3061 1128 3126 adversus
1152 3060 1408 3126 Lscedaemonios
1431 3061 1495 3146 ipse

490 3182 656 3269 pugnaudo
685 3181 840 3245 interfuit:
867 3183 944 3255 νίκην
967 3205 1000 3245 τε
1022 3189 1083 3251 τοῖς
1106 3186 1283 3246 Μαντινεῦσι
1306 3181 1495 3259 προηγόρευσε

488 3302 538 3368 καὶ
561 3301 648 3373 αὐτός
671 3308 771 3382 σφισιν
793 3307 845 3366 τοῦ
866 3301 950 3379 ἔργον
975 3302 1140 3381 aeriam:
1163 3300 1296 3364 Pausan.
1320 3299 1342 3364 l.
1362 3300 1383 3364 l.
1408 3299 1495 3365 Prae·

488 3429 570 3486 terea
599 3421 658 3484 hoc
687 3420 818 3484 carmine
849 3442 883 3482 vs
909 3421 1082 3484 165-175
1107 3419 1241 3484 amicitia
1264 3426 1296 3483 et
1318 3403 1495 3505 conjunctio

486 3540 630 3604 Hieronis
652 3547 685 3603 et
707 3539 836 3624 Agesiae
855 3537 1009 3602 laudatur.
1033 3537 1127 3602 Recte
1138 3547 1240 3603 tamen
1252 3537 1359 3602 scribit
1370 3537 1493 3604 Karste-

484 3659 572 3733 nius,
596 3657 680 3723 haud
700 3655 864 3722 verisimile
885 3679 967 3734 esse,
981 3679 998 3720 a
1010 3656 1143 3721 Pindaro
1155 3663 1271 3720 tautam
1286 3657 1415 3740 Agesiae
1425 3657 1490 3721 lau·

485 3777 554 3841 dam
577 3777 622 3841 ita
643 3775 754 3860 raptim
776 3783 808 3839 et
829 3774 957 3839 obscure
981 3773 1147 3838 aPiadaro
1163 3774 1363 3858 significatam
1381 3774 1490 3852 fuisse,

486 3908 517 3959 et
539 3895 720 3960 scholiastae
741 3894 950 3958 testimonium
974 3915 1074 3958 carere
1097 3893 1289 3956 auctoritate.
1333 3891 1492 3978 Compara·

485 4022 538 4078 tur
567 4015 692 4078 omnino
722 4013 837 4097 duplex
867 4011 1044 4096 Amphiarai
1074 4011 1140 4075 laus
1169 4033 1239 4075 cum
1261 4009 1378 4095 duplici
1400 4010 1491 4074 laude

485 4134 631 4219 Agesiae:
661 4132 755 4218 hujus
777 4131 900 4217 quidem
923 4133 956 4194 in
981 4130 1124 4194 vaticinio
1148 4137 1179 4194 et
1200 4130 1365 4194 certamine
1387 4127 1492 4214 Olym-

483 4254 535 4338 pio
565 4253 680 4338 posita:
712 4273 783 4316 nam
806 4251 865 4315 hoc
887 4253 987 4336 ipsum
1010 4271 1107 4335 genus
1131 4248 1267 4314 certandi
1290 4271 1379 4334 saepe
1402 4249 1490 4332 quasi

481 4371 608 4437 bellicae
638 4369 842 4435 contentionis
873 4369 1003 4433 habetur
1034 4367 1149 4432 simile:
1182 4367 1250 4430 ride
1276 4367 1367 4451 hujus
1390 4367 1488 4452 ipsius

481 4491 623 4555 carminis
647 4513 680 4554 vs
707 4491 851 4554 lA-ll:
877 4488 931 4550 [st.
957 4487 972 4550 l
997 4490 1036 4553 ll
