3725 5542
1001 672 1044 733 74

513 870 577 933 suis
600 870 696 955 ipsam
720 870 901 954 sapientiam
921 869 1154 933 commendarit.
1190 870 1276 935 Haeo
1291 895 1362 935 vero
1374 873 1528 957 justitiam

513 987 606 1051 etiam
637 988 725 1071 quasi
755 1010 865 1072 parens
893 987 957 1050 sire
979 987 1062 1051 fovet
1084 988 1148 1051 sive
1171 990 1325 1053 continet:
1350 1000 1432 1055 certe
1454 992 1529 1055 baec

509 1104 648 1189 justitiae
674 1104 774 1168 officia
796 1103 929 1167 vidimus
952 1126 971 1166 a
993 1103 1127 1168 Pindaro
1149 1106 1281 1170 maxime
1304 1106 1527 1185 commendari,

513 1228 550 1284 ut
572 1244 731 1286 caveam
754 1229 784 1285 et
807 1221 846 1286 ab
869 1221 1046 1285 adulatione
1069 1231 1102 1285 et
1123 1245 1142 1285 a
1164 1224 1334 1301 calumnia,
1360 1235 1531 1308 quaesunt

513 1338 634 1402 veritati
653 1340 785 1403 maxime
799 1340 952 1403 contraria
968 1340 1059 1417 vitia,
1075 1340 1306 1425 habeamusque
1321 1350 1429 1427 pectus
1445 1364 1530 1426 aper·

513 1462 581 1519 tum
604 1462 635 1518 et
657 1456 808 1521 sincerum
831 1477 1000 1540 varumque
1022 1479 1201 1521 sermonem.
1216 1459 1240 1541 ¹)

558 1573 674 1636 Verum
709 1573 784 1638 haec
817 1596 938 1637 summa
970 1575 1139 1659 sapientiae
1173 1575 1271 1639 virtus
1302 1576 1369 1660 ipsa
1398 1599 1435 1640 ex
1466 1598 1529 1659 quo

513 1691 598 1755 fonte
621 1690 794 1769 hauriatur,
818 1692 884 1776 ipse
907 1713 964 1756 nos
987 1691 1109 1755 divinus
1126 1700 1210 1755 rates
1227 1693 1362 1757 edoceat.
1399 1694 1529 1770 „Unum

515 1809 656 1893 idemque
680 1809 837 1873 hominum
863 1834 898 1873 ac
921 1810 1057 1874 Deorum
1079 1833 1177 1895 genus
1200 1820 1262 1875 est:
1287 1834 1325 1875 ex
1349 1835 1412 1876 una
1434 1820 1530 1877 matre

513 1928 664 2012 spiramus
695 1928 836 2011 utrique:
860 1927 915 1992 sed
937 1927 1028 2013 longe
1052 1936 1168 1993 secreta
1192 1928 1287 1992 distat
1310 1931 1466 2013 potentia,
1492 1940 1529 1994 ut

514 2068 612 2131 genus
643 2046 802 2111 hominum
828 2046 954 2130 quidem
977 2046 1057 2110 nihil
1080 2047 1136 2124 sit,
1160 2069 1290 2111 aeneum
1313 2070 1385 2111 vero
1408 2048 1530 2112 coelum

514 2166 641 2228 immota
663 2185 781 2247 semper
803 2172 924 2227 maneat
947 2163 1044 2227 sedes.
1080 2162 1300 2228 Verumtamen
1319 2165 1423 2250 aliquo
1437 2164 1530 2228 modo

515 2304 587 2347 saue
617 2304 722 2346 snmus
744 2280 969 2346 immortalibus
992 2281 1106 2345 similes
1129 2280 1176 2344 rel
1200 2303 1312 2365 magno
1334 2282 1459 2365 ingenio
1481 2280 1531 2345 vel

514 2408 642 2477 natura,
674 2421 859 2485 quamquam
885 2400 997 2476 nescii,
1021 2398 1173 2484 adquam
1197 2398 1259 2463 diei
1281 2400 1407 2484 aevique
1430 2399 1531 2462 brevis

515 2526 626 2583 metam
660 2539 782 2581 camum
815 2524 956 2581 nostrum
988 2539 1053 2581 sors
1087 2515 1384 2601 praescripserit.''²)
1429 2515 1531 2601 Igitur

518 2635 631 2719 ingenii
654 2642 841 2719 naturaeque
864 2635 1051 2719 praestantia
1071 2633 1252 2698 mortalibus
1276 2655 1346 2697 cum
1365 2633 1434 2698 Diis
1452 2654 1534 2697 com·

515 2754 618 2817 munis
648 2760 712 2817 est:
742 2753 876 2817 cernitur
906 2775 941 2817 ea
968 2753 1112 2817 divinitas
1135 2753 1167 2816 in
1191 2752 1340 2837 sapientia
1366 2759 1397 2816 et
1419 2751 1532 2816 intelli-

515 2872 619 2955 gentia
652 2872 733 2935 veri:
768 2869 825 2933 hac
860 2871 1013 2954 praestitit
1047 2871 1112 2954 ipse
1141 2868 1294 2933 Pindarus
1326 2891 1418 2954 seque
1450 2891 1534 2953 prae

515 2997 595 3053 stare
629 2990 734 3053 sensit.
781 2987 857 3053 Ideo
891 2989 1061 3072 sapientem
1094 2994 1183 3051 voest
1217 3008 1304 3063 eum,
1341 2988 1395 3072 qui
1424 2994 1535 3051 natura

515 3130 571 3173 sua
593 3108 634 3171 sit
656 3128 757 3171 reram
781 3105 975 3189 intelligens:
988 3105 1013 3189 8)
1030 3126 1091 3189 qua
1104 3103 1310 3187 intelligentia
1325 3104 1380 3189 qui
1394 3112 1534 3180 careant,

516 3248 578 3290 nou
610 3232 739 3312 possunt
771 3246 837 3288 eam
868 3221 1015 3287 discendo
1045 3243 1257 3306 stampensem,
1288 3220 1342 3285 sed
1365 3221 1478 3285 curiosi
1500 3228 1534 3284 et

516 3344 659 3431 loquaces
682 3343 815 3407 evadunt
838 3350 869 3405 et
892 3348 1046 3425 tamquam
1070 3340 1152 3402 corvi
1175 3338 1359 3423 obstrepunt
1381 3336 1469 3401 Josis
1485 3339 1534 3402 avi

517 3462 647 3526 divinae.
660 3462 685 3545 ⁴)
730 3459 799 3523 Hoc
833 3458 922 3544 quale
946 3458 1004 3535 sit,
1029 3456 1154 3541 planum
1176 3457 1215 3520 iis
1238 3456 1336 3520 facere
1357 3455 1534 3533 nonlicet,

518 3579 570 3664 qui
598 3579 737 3643 nesciant
767 3598 859 3662 quam
890 3575 1008 3639 distent
1038 3574 1210 3658 intelligere
1241 3580 1274 3636 et
1303 3574 1457 3659 accipere,
1481 3573 1537 3657 qui

517 3697 615 3761 multa
638 3694 791 3760 audiendo
815 3693 1008 3778 legendoque
1031 3698 1199 3769 noverunt,
1223 3712 1324 3775 neque
1346 3712 1412 3754 eam
1435 3690 1538 3773 cogni-

518 3816 634 3879 tionem
657 3813 696 3877 ad
719 3818 846 3876 naturae
869 3832 940 3873 suae
956 3809 1134 3895 ingeniique
1149 3806 1367 3892 praestantiam
1383 3806 1536 3890 pertinere

517 3932 699 4009 voluerunt,
733 3930 870 3993 homiues
901 3927 986 3992 docti
1009 3927 1232 4012 significatione
1253 3925 1391 4009 passiva,
1415 3924 1536 3987 actione

523 4128 693 4138 ——-

556 4262 579 4321 1)
603 4258 673 4309 conl.
690 4274 748 4324 pap.
766 4260 806 4307 54.
937 4256 963 4315 2)
981 4257 1047 4305 Nem.
1071 4256 1113 4304 VI.
1132 4253 1221 4302 1-ra.
1256 4253 1367 4301 l'ortasse
1383 4250 1456 4299 atissa
1474 4249 1539 4299 bane

520 4356 601 4406 locam
621 4354 726 4420 respexit
742 4352 833 4402 Paulas
849 4350 994 4415 Apostolos,
1014 4351 1069 4399 Act.
1086 4350 1170 4413 Δροσί.
1187 4366 1208 4399 0.
1226 4348 1267 4401 l'l.
1283 4363 1317 4397 vs.
1334 4347 1375 4396 28.

555 4452 580 4515 8)
599 4451 635 4501 01.
654 4452 693 4500 ΙΙ.
711 4450 768 4499 154.
934 4449 960 4507 4)
977 4446 1041 4499 uid.
1055 4445 1113 4498 150.
