3725 5542
804 735 868 795 473

331 931 389 1016 ipsi
417 927 620 1016 expiationem
647 931 747 996 occiso
770 931 933 996 Trachiuio
958 930 1089 1015 quodam
1116 931 1231 1016 petenti
1255 951 1346 1014 nega·

332 1049 441 1112 visset:
466 1048 564 1115 Neleo
587 1057 706 1136 patrem
729 1049 913 1136 Neptunum
933 1049 1115 1114 auxiliatum
1132 1071 1211 1112 esse:
1232 1069 1348 1134 pugua-

331 1189 399 1230 rum
423 1189 511 1246 vero,
536 1189 613 1251 quas
636 1167 785 1232 Hercules
809 1191 880 1232 cum
903 1167 1047 1253 Apolline
1073 1173 1104 1230 et
1127 1188 1197 1230 cum
1213 1165 1347 1228 Plutone

332 1283 490 1361 habuerit,
522 1284 582 1347 alia
604 1286 698 1350 fuisse
721 1292 870 1370 tempora.
917 1284 1032 1348 Tamen
1057 1283 1227 1360 Homerus,
1253 1282 1291 1346 Il.
1318 1281 1345 1342 V

333 1404 397 1466 397
407 1451 417 1478 ,
442 1401 605 1466 Plutonem
629 1402 667 1466 ab
691 1401 825 1466 Hercule
849 1402 1042 1467 vulneratum
1067 1401 1143 1466 dicit
1167 1403 1194 1464 ἐν
1216 1400 1347 1480 πύλῳέν

333 1520 477 1584 tretecor:
502 1541 605 1583 rerum
629 1519 662 1583 id
686 1519 854 1604 Didymus,
881 1527 916 1583 ut
939 1527 986 1583 est
1001 1519 1033 1584 iu
1050 1518 1203 1583 veteribus
1220 1517 1344 1582 scholiis

333 1635 372 1699 ad
402 1637 486 1700 huuc
515 1636 641 1701 Pindari
664 1637 784 1714 locum,
808 1637 942 1722 explicat
965 1640 1017 1711 rba
1040 1640 1069 1702 ἐν
1091 1635 1160 1720 qiboo
1185 1635 1279 1710 πύλην
1303 1661 1346 1700 νε-

333 1755 414 1818 κύων.
460 1753 533 1819 Non
555 1763 653 1832 recte,
678 1763 714 1820 ut
736 1777 819 1820 nunc
842 1756 919 1820 mihi
943 1756 1080 1821 videtur:
1106 1759 1134 1820 ἕν
1157 1757 1287 1820 νεκύεσσι
1304 1757 1348 1818 ita

334 1872 452 1938 dictum
485 1873 606 1938 ridetur
637 1883 672 1938 ut
704 1881 820 1960 strages
843 1875 992 1960 quaedam
1018 1875 1223 1960 significetur:
1249 1896 1349 1958 neque

334 2012 482 2075 usquam,
515 2000 666 2074 quantum
698 1992 778 2070 scio,
812 1991 904 2064 artace
933 1992 980 2055 vel
1004 1991 1095 2058 πόλον
1118 1992 1270 2076 reperitur
1294 2012 1348 2075 pro

335 2111 458 2175 nomine
489 2109 674 2194 appellativo
704 2110 926 2194 significatione
958 2111 1063 2184 πύλης.
1111 2109 1152 2172 Et
1183 2108 1349 2194 Apollodo-

334 2249 403 2303 rus,
437 2225 474 2290 L.
510 2227 544 2290 ΙΙ
580 2226 614 2291 O.
646 2226 727 2305 VII,
763 2234 795 2291 et
824 2227 1009 2306 Pausaniae,
1041 2227 1079 2290 L.
1110 2226 1157 2290 VI
1188 2225 1223 2290 (l.
1257 2224 1349 2290 XXV

336 2348 374 2423 3,
411 2346 449 2410 ab
483 2345 618 2410 Hercule
649 2346 759 2430 Pylum
793 2355 990 2432 oppugnante
1021 2347 1184 2410 Plutonem
1212 2345 1350 2408 vuluera-

336 2473 402 2528 tum
435 2487 501 2528 esse
523 2473 775 2530 commemorant:
801 2477 833 2530 et
856 2466 1022 2531 Pausanias
1046 2465 1171 2549 quidem
1195 2487 1213 2528 a
1237 2463 1348 2548 Pyliis,

336 2580 500 2645 Herculem
532 2582 648 2658 erosis,
680 2582 846 2647 Plutonem
876 2561 1044 2670 impensius
1072 2583 1232 2647 adoratum
1257 2582 1349 2646 tuisse

335 2700 478 2783 exponit,
503 2707 534 2764 et
557 2698 595 2765 ab
618 2701 693 2785 ipsis
715 2701 804 2765 illum
828 2702 929 2766 locum
947 2701 1074 2766 Homeri
1090 2701 1122 2766 in
1138 2700 1348 2765 testimonium

336 2825 476 2881 vocatum
501 2840 575 2882 esse.
611 2817 714 2882 Etiam
737 2841 836 2884 sermo
857 2818 961 2896 Joris,
986 2820 1041 2904 qui
1064 2817 1214 2884 Venerem
1238 2841 1256 2880 a
1278 2817 1351 2881 Dio·

335 2934 424 2999 mede
446 2934 637 3000 vulneratam
661 2935 853 3014 consolatur,
877 2936 928 3000 rix
953 2935 1114 3000 admittere
1138 2935 1259 3000 videtur
1276 2936 1350 2999 inie-

336 3074 404 3129 ros,
436 3073 539 3116 rerum
570 3052 603 3116 in
634 3051 794 3116 narrandis
825 3053 1016 3138 reliquorum
1047 3053 1183 3118 Deorum
1207 3053 1346 3137 injuriis,

336 3190 413 3252 quas
445 3190 462 3231 a
492 3169 673 3234 mortalibus
703 3171 785 3254 passi
815 3171 945 3250 tuerint,
978 3171 1045 3236 loca
1069 3178 1191 3236 tautum
1215 3171 1350 3234 humana

336 3287 522 3371 significasse
546 3288 667 3352 ridetur
694 3286 834 3376 Jupiter:
860 3291 1040 3374 praesertim
1064 3311 1160 3374 quum
1185 3287 1350 3352 Plutonem

336 3413 407 3490 post
438 3405 550 3470 vulnus
580 3413 738 3492 acceptum
771 3407 918 3491 querendi
941 3428 1033 3472 causa
1055 3407 1086 3470 iu
1110 3405 1277 3491 Olympum
1302 3427 1350 3468 ve·

335 3523 417 3588 nisse
449 3530 589 3608 exponat.
636 3523 719 3608 Ilrgo
751 3524 789 3588 ab
821 3523 956 3588 Homero
983 3545 1106 3609 quoque
1134 3523 1285 3608 proelium
1309 3522 1349 3586 ad

256 3705 262 3714 ,
336 3640 446 3726 Pylum
477 3642 592 3706 tactum
624 3642 790 3726 significari
821 3642 1060 3708 existimandum
1083 3648 1138 3706 est.
1186 3641 1348 3727 Quidquid

337 3768 398 3838 est,
422 3760 516 3824 trium
539 3759 676 3824 Deorum
696 3761 846 3847 impetum
862 3759 967 3825 eedem
984 3761 1077 3824 tuisse
1093 3767 1229 3844 tempore
1245 3766 1349 3846 aperte

337 3879 472 3943 ostendit
494 3878 660 3958 Pindarus,
686 3878 763 3964 Pylo
786 3879 1043 3944 subvenientium.
1080 3877 1190 3962 Neque
1214 3879 1349 3943 alienum

338 3998 376 4062 ab
403 3997 552 4062 hocloco
575 4007 638 4076 est,
663 3999 748 4084 quod
771 3998 938 4064 Pausanias
961 3997 1075 4063 ibidem
1099 3997 1210 4076 tradit,
1236 3997 1349 4062 Miner·
1458 4006 1462 4020 '

338 4138 405 4180 vam
429 4115 461 4181 iu
485 4138 521 4180 eo
545 4116 661 4201 proelio
684 4115 812 4180 Herculi
836 4115 989 4180 adfuisse:
1014 4138 1084 4180 nam
1100 4115 1208 4180 laudat
1224 4115 1348 4200 quidem

337 4233 433 4298 Poeta
456 4235 559 4299 datam
582 4233 731 4298 divinitus
749 4234 961 4298 fortitudinem
979 4242 1010 4299 et
1025 4233 1220 4319 sapientiam,
1239 4256 1272 4296 vs
1288 4235 1349 4311 41,

338 4372 439 4415 verum
464 4374 500 4416 ea
521 4352 589 4436 ipsa
611 4352 644 4415 in
668 4350 796 4415 vetustis
820 4351 967 4415 heroibus
990 4373 1051 4414 nou
1073 4350 1196 4414 aliunde
1217 4350 1349 4434 apoctis

335 4469 491 4534 derivatur
512 4469 572 4534 nisi
596 4469 634 4534 ab
658 4469 854 4534 adstantibus
876 4470 909 4534 in
933 4467 1050 4554 proelio
1074 4467 1157 4531 Diis:
1174 4475 1242 4532 tum
1260 4489 1346 4544 vero,
