3725 5542
813 757 878 815 483

339 952 515 1017 Patroclum
549 952 692 1029 mittens,
724 952 829 1016 statim
860 961 930 1037 poet
958 951 1063 1037 pulsos
1085 952 1233 1037 Trojanos
1257 950 1356 1015 redire

335 1071 441 1155 jubet:

473 1189 516 1263 ni
538 1186 607 1266 σύγ’
629 1186 745 1252 ἄνενθεν
768 1189 848 1264 ἐμεῖο
869 1188 1034 1255 λιλαίεσθαι
1056 1186 1222 1267 πολεμίζειν

471 1305 568 1384 Τρωσὶ
590 1304 861 1386 Φιλιπνλὲμιιιιν.
975 1348 979 1361 ·

386 1422 459 1484 119.
494 1418 565 1494 Eine
587 1421 765 1502 εὑρησιεπὴς.
799 1420 902 1498 Dicit,
923 1442 957 1484 oe
971 1420 1004 1484 in
1020 1419 1165 1485 coneudie
1181 1420 1229 1483 hio
1245 1418 1355 1498 reboo,

337 1558 416 1621 quoe
439 1538 478 1601 ed
502 1536 638 1622 Opuntia
662 1539 806 1622 antiquos
827 1537 935 1601 leudes
951 1536 1150 1601 illustrandos
1167 1538 1355 1622 pertincant,

336 1675 373 1717 eo
405 1656 487 1718 enim
509 1656 601 1719 etiem
625 1656 777 1740 pertinuit
799 1654 933 1719 Patrocli
957 1654 1122 1732 memorie,
1147 1653 1274 1739 Opunte
1291 1655 1356 1753 noti

339 1780 433 1855 etque
456 1772 549 1836 otiam
572 1780 643 1857 post
665 1772 771 1857 iugem
793 1771 832 1836 ad
855 1772 982 1837 Peicum
1004 1769 1139 1856 Opuntii
1159 1771 1274 1849 habiti,
1291 1771 1357 1835 lon·

338 1889 409 1973 gius
437 1888 600 1973 procedere
618 1878 730 1973 posse,
755 1910 811 1954 nec
835 1889 894 1953 sibi
918 1889 1096 1953 defuturum
1121 1889 1170 1953 vel
1193 1888 1356 1953 consilium
1386 1916 1390 1923 ·

338 2005 388 2069 vel
412 2004 475 2070 vim
498 2013 529 2070 et
551 2006 717 2071 audentem
740 2007 893 2071 animum:
917 2029 990 2071 nem
1006 2007 1132 2071 omnino
1149 2006 1208 2071 hoc
1224 2006 1357 2071 carmine

226 2150 231 2157 ·
334 2123 434 2207 ipsam
466 2121 622 2207 Opuntem
654 2124 781 2189 leudone
811 2122 926 2200 voluit,
958 2131 995 2187 nt
1022 2126 1085 2209 jem
1116 2122 1195 2187 dixit
1226 2146 1259 2186 vo
1292 2126 1353 2201 28,

339 2238 524 2304 leniendum
548 2262 614 2305 esse
637 2241 749 2304 ciorum
774 2239 932 2325 Opuntem
957 2241 1085 2325 ejusque
1109 2240 1224 2305 fliium:
1250 2262 1355 2315 verum

332 2359 396 2442 jem
426 2356 558 2421 orationi
589 2357 663 2421 hnic
692 2357 779 2422 frenc
806 2356 976 2421 inhibendo
1005 2380 1071 2422 esse
1103 2364 1208 2421 monet
1239 2365 1270 2421 ei·
1297 2357 1355 2423 filii

336 2474 444 2538 londes
468 2473 611 2559 deinceps
634 2473 832 2538 decorandos.
867 2471 929 2538 Pro
948 2476 1123 2552 ἀναγεῖσθαι
1138 2474 1253 2559 aliquio
1269 2474 1355 2540 eoho-

336 2590 426 2655 lientu
459 2590 612 2655 recentior
645 2591 720 2675 legit
754 2592 934 2667 ἐνανεῖσθαι.
979 2591 1145 2673 Πρθαφιριε
1177 2590 1355 2656 directionis

336 2709 589 2792 significationem
624 2708 735 2788 hebet,
771 2730 834 2793 qne
866 2730 929 2773 non
962 2716 1107 2793 vegetor,
1140 2706 1193 2773 ned
1225 2707 1355 2772 vehetur

336 2834 420 2889 certo
447 2826 579 2890 coneilio
611 2826 648 2889 cd
680 2848 733 2903 ee,
766 2847 845 2911 quoe
876 2825 950 2890 velit
983 2826 1143 2911 ottingene.
1192 2806 1354 2891 Musei-uin

336 2964 460 3007 currum
492 2943 585 3007 etium
607 2942 950 3009 memorotlot.118.
997 2943 1173 3009 Audentem
1197 2966 1267 3008 vero
1290 2945 1355 3009 uni·

335 3082 439 3136 mom,
463 3067 572 3145 poetae
595 3082 668 3124 sene
691 3060 854 3137 decorum,
878 3061 938 3125 sibi
961 3062 1026 3146 ipse
1053 3062 1146 3125 etiem
1169 3060 1280 3125 tribuit
1302 3059 1353 3126 01.

339 3175 424 3241 XIII
449 3179 501 3241 14.

383 3296 456 3359 123.
491 3292 632 3377 προξενίᾳ.
675 3294 825 3360 Proxenie
856 3302 904 3360 est
935 3317 1048 3361 mouns
1080 3295 1257 3380 publicum,
1292 3318 1354 3383 quo
1405 3292 1416 3313 ⁰

336 3413 405 3496 quie
434 3412 466 3477 in
490 3434 548 3477 one
570 3412 693 3477 civitate
716 3420 842 3477 tueatur
863 3414 929 3498 ejno
953 3413 1086 3503 civitatis
1110 3435 1176 3491 ree,
1201 3415 1290 3499 eujus
1314 3415 1355 3478 sit

335 3551 505 3615 prouentu,
529 3529 660 3595 menime
683 3550 755 3594 cero
778 3530 835 3607 iio,
860 3531 915 3614 qui
939 3550 976 3594 cx
999 3530 1055 3594 ille
1068 3530 1194 3603 cintote
1211 3532 1351 3608 veniant,

336 3655 470 3732 praestet
493 3646 609 3711 officie:
633 3646 745 3711 deferri
769 3646 951 3732 plerumque
974 3654 1005 3711 et
1027 3647 1166 3712 mundari
1182 3647 1300 3713 eoiobet
1315 3648 1354 3714 eb

335 3764 390 3829 illc
421 3765 489 3850 ipen
519 3765 659 3844 civitate,
690 3763 785 3850 idqne
812 3766 912 3850 magis
944 3765 1068 3830 honorio
1097 3788 1189 3831 canen
1220 3788 1354 3851 proxeno

341 3903 432 3965 quem
456 3881 494 3945 oti
518 3882 685 3947 utilitatem
709 3904 814 3961 ouem,
838 3882 893 3947 oed
911 3882 992 3947 ,hoec
1007 3884 1267 3968 consequebatur,
1285 3906 1354 3949 oon·

333 3999 498 4084 junctique
520 3999 583 4064 iere
606 4021 676 4064 oum
700 4022 737 4064 eo
759 3988 890 4065 munere
912 4000 1005 4064 etiem
1029 4000 1081 4065 alii
1103 4001 1188 4065 fuere
1205 4001 1351 4067 honores:

336 4115 407 4181 vid.
440 4116 485 4182 Μ.
517 4116 559 4181 Η.
592 4116 629 4181 Ε.
662 4117 777 4197 Meier,
801 4117 848 4181 De
871 4116 1040 4196 Proxenie,
1066 4117 1155 4182 Helio
1179 4118 1352 4198 Senonum,

339 4238 435 4298 1⁸43.
483 4234 525 4298 Et
555 4255 627 4299 vero
659 4236 724 4319 ejus
754 4235 803 4301 vol
831 4236 966 4300 moneris
989 4236 1038 4300 vel
1061 4236 1223 4321 dignitatis
1247 4246 1277 4302 et
1300 4238 1353 4302 ho·

335 4351 419 4417 noris
434 4351 598 4415 maximam
613 4350 707 4415 fnisse
727 4352 882 4416 caritatem
900 4361 931 4416 et
947 4351 1218 4432 necessitudinem,
1237 4354 1353 4438 pulcer·

336 4470 412 4533 rime
444 4467 526 4554 opud
557 4467 718 4533 Platonem
742 4468 882 4540 videmus
905 4471 1098 4555 expositum,
1122 4470 1169 4535 De
1192 4469 1288 4557 Logg.
1313 4472 1350 4537 L.

1173 4592 1230 4649 81·
