3725 5542
987 693 1029 755 38

499 918 559 959 non
589 896 641 979 jus
665 906 711 959 est
734 902 856 978 optare,
882 893 1096 957 acerbissimus
1119 902 1222 955 monet
1244 891 1345 955 finis.’'
1358 890 1383 972 ¹)
1428 892 1517 971 Quae

497 1013 622 1107 quidem
646 1012 911 1077 considerantibus
932 1011 1017 1075 hand
1037 1032 1110 1075 sone
1129 1010 1246 1073 invidie
1265 1009 1415 1092 quaedam
1440 1010 1519 1073 Deo·

498 1152 566 1193 rum
599 1130 643 1193 ito
673 1128 848 1193 ePindoro
879 1129 997 1193 nemori
1027 1128 1168 1203 videtur,
1193 1135 1230 1190 ut
1253 1149 1325 1190 enm
1355 1126 1518 1191 dedecent:

497 1246 550 1311 sed
581 1254 688 1310 contre
721 1247 796 1311 haee
827 1247 893 1330 ejus
924 1246 1078 1310 sententio
1108 1268 1145 1309 ex
1172 1244 1279 1309 eodem
1302 1246 1387 1310 fonte
1409 1246 1519 1321 linxit,

497 1387 533 1428 ex
565 1386 628 1447 quo
659 1387 749 1428 omne
780 1367 845 1449 ejus
879 1364 918 1427 de
951 1364 1019 1427 Diis
1049 1364 1176 1428 meliora
1206 1362 1328 1427 dicendi
1360 1362 1518 1440 studium,

497 1505 593 1566 quum
626 1482 748 1565 culpem
780 1481 937 1545 vitandam
971 1504 1037 1544 esse
1066 1487 1208 1565 poteret,
1237 1503 1300 1544 non
1325 1488 1446 1545 tontum
1470 1482 1519 1563 pie

496 1600 534 1664 de
563 1600 631 1663 Diis
654 1599 853 1682 modesteque
876 1598 1051 1676 narrando,
1081 1599 1135 1662 sed
1159 1598 1197 1662 eb
1220 1598 1329 1661 iisdem
1352 1598 1404 1684 pie
1426 1600 1518 1664 etiem

497 1726 528 1779 et
558 1738 629 1779 oum
652 1715 771 1800 pudore
796 1716 950 1800 preoeudo
974 1730 1067 1799 etque
1091 1714 1244 1799 optando,
1275 1716 1399 1779 omnino
1422 1736 1520 1779 reeor-

498 1834 619 1911 dando,
643 1855 735 1916 quam
759 1834 855 1897 simus
878 1831 948 1895 Diis
971 1833 1140 1897 inferiores.
1184 1832 1286 1911 Quum
1310 1832 1436 1916 quidem
1457 1834 1520 1916 pie·
1606 1890 1610 1897 .

499 1958 593 2015 tatem
625 1952 723 2035 ipsum
754 1952 903 2035 optimam
934 1953 1013 2015 mom
1047 1950 1203 2015 felicitatis
1226 1950 1386 2034 divinique
1408 1951 1518 2014 favoris

500 2069 630 2153 putavit.
677 2068 862 2152 „Jupiter,”
889 2069 1010 2152 inquit,
1034 2089 1185 2152 „mognoe
1207 2068 1316 2133 londes
1338 2068 1519 2133 mortalibus

499 2208 536 2250 ex
559 2193 590 2248 te
614 2186 817 2269 contingunt:
851 2187 927 2249 vivit
952 2208 1022 2249 vero
1045 2187 1142 2270 major
1164 2187 1288 2250 fortune
1310 2185 1519 2250 metuentibus

499 2304 600 2380 Deos,
632 2305 685 2368 sed
720 2304 874 2369 oberranti
905 2305 1008 2369 animo
1039 2327 1102 2369 non
1133 2305 1247 2389 pariter
1276 2304 1360 2369 omni
1382 2312 1520 2389 tempore

501 2422 612 2485 florens
636 2421 754 2485 adest?
766 2422 791 2505 2)

547 2538 663 2603 Verum
688 2539 878 2623 pergendum
902 2550 957 2603 est.
990 2538 1062 2603 Non
1079 2540 1161 2603 enim
1176 2539 1270 2623 hujus
1285 2546 1407 2603 tontum
1423 2541 1519 2617 vitoe,

501 2657 686 2739 mortisque,
720 2678 799 2741 quoe
830 2666 933 2722 monet
963 2679 1038 2735 nos,
1069 2657 1265 2721 moderamen
1296 2656 1432 2721 Deorum
1455 2666 1518 2733 oet,

501 2774 554 2838 sed
586 2775 831 2859 cognoscendum
863 2783 911 2838 est
941 2776 1033 2839 etiam
1064 2775 1160 2852 illud,
1192 2774 1277 2859 quod
1304 2774 1445 2839 futurum
1474 2782 1521 2839 est

501 2899 615 2977 postea.
662 2892 820 2971 „uorum
853 2893 906 2976 qui
939 2892 989 2956 hio
1012 2902 1087 2957 sunt
1109 2893 1240 2970 mortui,
1265 2892 1382 2957 debiles
1404 2902 1521 2957 mentes

501 3010 650 3074 continno
674 3032 788 3094 poenos
812 3011 905 3087 dant,
930 3020 963 3073 et
985 3033 1065 3094 quoe
1088 3012 1120 3074 iu
1143 3012 1202 3075 hoc
1223 3010 1309 3074 Jovis
1332 3032 1426 3097 regno
1441 3033 1521 3075 oom-

501 3128 595 3191 misso
617 3135 691 3191 sunt
706 3128 870 3205 meleficia,
896 3129 955 3192 sub
972 3135 1053 3192 terra
1064 3128 1183 3213 judicio
1199 3128 1312 3212 uliquis
1327 3132 1522 3213 persequitur

502 3245 613 3309 infesto
648 3267 752 3309 vocem
787 3246 880 3309 edens
916 3247 1107 3311 necessitate.
1154 3244 1308 3311 Noctibus
1342 3247 1456 3331 puriter
1486 3270 1521 3311 ee

501 3360 611 3426 diebus
642 3362 737 3426 solem
770 3363 875 3427 vident
906 3363 979 3428 boni
1010 3364 1076 3428 sine
1104 3363 1209 3428 labore
1237 3364 1330 3427 vitem
1354 3364 1520 3441 hebentes,

501 3502 558 3543 neo
581 3491 692 3543 terrem
717 3488 875 3545 moventes
899 3480 1042 3545 menibus
1070 3503 1126 3545 neo
1149 3481 1241 3545 merie
1264 3503 1376 3565 equom
1399 3490 1523 3567 propter

502 3597 617 3660 vietum
635 3606 772 3661 tenuem:
798 3597 849 3661 sed
868 3599 922 3681 qui
934 3599 1138 3683 jurisjurandi
1153 3599 1244 3663 fidem
1260 3608 1417 3677 omarum,
1438 3600 1521 3683 opud

504 3715 667 3779 honoratos
698 3715 834 3779 Deorum
866 3716 932 3781 siue
963 3716 1106 3801 lacrymis
1138 3738 1246 3781 aevum
1278 3717 1405 3781 vivunt:
1434 3718 1524 3781 elteri

536 4000 560 4062 l)
579 4000 640 4049 [ott.
661 4002 720 4050 VH.
738 4002 784 4059 55,
801 4017 861 4065 seqq.
888 4002 996 4051 Omnino
1012 4000 1048 4052 ite
1065 4006 1134 4051 verto
1153 4006 1180 4050 ut
1197 4018 1295 4067 pontum
1311 4006 1336 4050 et
1349 4006 1376 4051 ut
1388 4002 1523 4066 intelligor:

504 4096 544 4146 eod
567 4096 686 4146 interdurn
709 4112 747 4145 me
764 4112 830 4145 meno
849 4111 936 4161 operae
953 4097 1029 4161 piget.
1055 4097 1132 4146 Velut
1150 4097 1207 4147 boec
1223 4098 1275 4162 ipro
1294 4098 1413 4147 eontentio
1433 4098 1524 4147 om

505 4196 575 4243 tento
592 4190 688 4241 brevior
705 4198 742 4240 eet
759 4195 850 4256 quinto
867 4191 978 4255 gravior:

910 4292 939 4337 τὸ
955 4289 980 4337 δὲ
996 4294 1047 4356 πὰρ
1063 4289 1126 4339 δέω

806 4383 873 4445 ylrm)
888 4386 1021 4451 πικροτάτα
1036 4388 1100 4447 μύει
1113 4385 1218 4433 telem.

541 4477 567 4539 2)
585 4474 645 4524 [stt.
663 4474 719 4523 ΙΙΙ.
736 4474 760 4523 d.
