3725 5542
978 718 1044 779 800

500 922 587 981 vetus
622 915 653 980 id
688 916 782 981 refert
816 918 854 981 ad
886 916 1065 982 felicitatem
1096 940 1182 995 eam,
1214 939 1293 1001 quae
1319 929 1389 1003 post
1413 929 1518 985 secuta

499 1042 561 1099 est:
592 1034 696 1099 miuus
723 1042 813 1099 recte.
862 1035 908 1099 De
932 1044 1067 1119 quatuor
1088 1034 1198 1099 Cadmi
1222 1036 1361 1115 filiabus,
1386 1059 1516 1121 quarum

498 1175 581 1217 nuuc
604 1152 683 1217 duas
707 1175 797 1239 porro
820 1154 916 1219 Poeta
937 1163 1103 1231 memorat,
1127 1153 1250 1219 tabulae
1273 1156 1419 1239 antiquae
1440 1158 1515 1221 setis

499 1278 592 1335 notae
615 1286 698 1336 sunt.

545 1393 599 1453 41.
634 1390 732 1461 πένθος
754 1416 782 1456 ιι.
806 1416 835 1456 τ.
859 1406 889 1455 λ.
924 1390 984 1455 Per
1010 1392 1180 1455 sentcntiae
1203 1392 1364 1456 universae
1388 1393 1516 1457 formam

501 1508 575 1571 haec
599 1508 786 1587 efferantur,
810 1507 969 1574 referenda
991 1516 1095 1573 tamen
1118 1508 1158 1573 ad
1181 1509 1292 1574 Cadmi
1313 1509 1402 1573 lilius.

543 1628 596 1690 45.
625 1626 727 1707 βρόμῳ
745 1633 890 1707 ιιεριιυνοῦ.
921 1627 1222 1692 Accuratedictum:
1243 1628 1443 1713 nequeenim
1459 1628 1518 1691 1111·

499 1746 581 1809 mine
603 1746 665 1809 icta
687 1746 761 1823 fuit,
783 1746 835 1810 sed
857 1754 1022 1832 apparente
1041 1745 1119 1810 Jove
1140 1768 1210 1809 cum
1232 1746 1363 1810 fulmine
1384 1755 1515 1810 mortua.

545 1864 599 1927 48.
629 1864 768 1934 Πολιάς.
801 1862 895 1927 Recte
915 1864 1097 1928 scholiastae
1112 1871 1297 1942 memorant,
1316 1864 1516 1949 praecipuum

501 1981 620 2046 cultum
642 1981 757 2045 Thebis
780 1981 875 2045 luisse
900 1981 1034 2047 Palladis
1056 1980 1170 2046 Oncac.
1205 1980 1245 2045 In
1269 1980 1411 2066 precibus
1431 1981 1518 2045 chori

502 2098 585 2184 apud
615 2098 802 2184 Aeschylum
832 2098 917 2184 Sept.
949 2122 975 2164 e.
1006 2098 1064 2163 Th.
1095 2101 1194 2184 prima
1216 2099 1407 2183 appellatur,
1435 2101 1516 2162 180:

500 2218 647 2297 ῥυσίπολις
669 2224 755 2294 γενοῦ
777 2216 920 2289 flandr:
949 2220 1011 2283 170
1031 2217 1069 2283 ού
1083 2242 1118 2283 τε
1133 2217 1256 2297 μάκαιρ’
1270 2214 1378 2283 ἄνοιτο
1392 2218 1516 2295 Ὀγιιοι

501 2334 534 2397 ci
553 2336 617 2399 4187
643 2342 675 2399 et
699 2336 773 2399 501.
1506 2322 1510 2327 ’

546 2456 600 2517 49.
643 2454 716 2525 Ζεὺς
746 2455 854 2533 τοι-ἥρ.
898 2452 1070 2539 significari
1103 2460 1206 2538 potest
1240 2452 1333 2516 Pater
1362 2450 1515 2516 Palladis:

501 2594 606 2637 verum
637 2572 802 2657 significari
833 2571 924 2636 oredo
956 2572 1092 2657 supremi
1114 2571 1165 2635 dei
1187 2570 1381 2657 dignitatem.
1427 2568 1516 2633 Simi-

500 2688 571 2753 liter
592 2687 644 2753 01.
668 2688 733 2752 vn
761 2692 833 2755 159.

547 2809 599 2871 50.
634 2814 718 2878 τοῖς.
752 2805 827 2871 Non
850 2814 933 2871 aetas
956 2806 1165 2891 significatur,
1193 2804 1246 2869 sed
1266 2804 1349 2869 lilius
1371 2803 1515 2868 Semeles.

548 2927 600 2989 50.
634 2922 767 3006 ἄφθιτον.
803 2923 927 2989 0101.
951 2925 969 2989 I
995 2926 1068 2988 101.

546 3046 598 3108 55.
632 3044 727 3125 ἀμφί.
763 3042 811 3107 cf.
836 3041 887 3107 Ol.
912 3043 928 3107 Ι
955 3046 1029 3109 157.

545 3164 597 3225 55.
626 3156 714 3226 Ἤτοι
735 3161 846 3241 βροτῶν
869 3186 895 3226 κ.
920 3185 949 3229 τ.
974 3176 1005 3225 λ.
1040 3160 1217 3237 Praeclare,
1241 3166 1279 3223 ut
1300 3159 1400 3223 multa
1422 3158 1516 3244 hujus

498 3280 658 3357 carminis,
695 3280 770 3344 hacc
804 3280 983 3365 praesertim
1017 3278 1201 3343 Karstenius
1232 3277 1385 3364 explicat:
1416 3286 1517 3341 osten·

499 3398 575 3461 dens
606 3398 861 3483 significationem
893 3396 977 3462 verbi
1010 3396 1155 3478 κέκριται,
1187 3417 1266 3481 quae
1289 3402 1355 3472 est,
1379 3394 1518 3479 explora·

499 3524 583 3595 tum,
617 3517 793 3601 cognitum,
829 3522 970 3600 apertum
1004 3523 1068 3578 est:
1104 3521 1211 3595 Πεῖρος
1245 3520 1349 3577 autem
1382 3535 1446 3577 nou
1476 3512 1515 3575 de

499 3641 637 3719 tempore
670 3632 733 3697 dici
763 3633 822 3697 hoo
852 3632 938 3711 loco,
967 3632 1022 3696 sed
1045 3630 1083 3696 de
1106 3631 1208 3696 modo.
1255 3631 1351 3695 Porro
1372 3631 1406 3694 in
1428 3631 1516 3695 ὄτοτε

499 3772 561 3814 nou
585 3750 751 3836 repetenda
773 3772 838 3815 esse
860 3751 1033 3835 superiora,
1058 3750 1147 3833 quasi
1166 3770 1228 3813 uon
1245 3748 1404 3834 cognitam
1419 3757 1515 3824 esset,

498 3868 623 3953 quando
654 3868 734 3933 diem
767 3890 838 3933 cum
867 3867 1014 3933 felicitate
1038 3868 1191 3954 peracturi
1215 3868 1328 3931 simus:
1353 3888 1460 3931 verum
1483 3866 1516 3929 in

497 3986 584 4052 ὅτοτε
619 4008 743 4051 oausam
782 3988 948 4072 significari
985 3988 1189 4072 superiorum.
1248 3985 1408 4049 Sententia
1441 3985 1517 4049 haec

499 4114 555 4170 est
602 4104 692 4170 Certe
726 4127 788 4171 uon
823 4114 965 4191 apertum
999 4116 1063 4184 est,
1095 4105 1196 4191 qualis
1227 4104 1378 4169 terminus
1408 4102 1518 4167 mortis

502 4223 662 4288 hominnm
692 4224 818 4287 futurus
851 4224 911 4301 sit,
944 4229 1049 4288 utrum
1080 4223 1134 4288 ifle
1156 4222 1334 4287 felicitatem
1357 4244 1396 4285 an
1419 4220 1519 4285 infeli·

501 4343 625 4406 citatem
660 4340 822 4406 habiturus
859 4343 917 4420 sit,
957 4340 1207 4425 qnandoquidem
1247 4362 1286 4404 ne
1320 4361 1417 4404 unum
1452 4338 1519 4423 qui·

503 4458 573 4523 dem
604 4458 685 4523 diem
716 4460 919 4545 tranquillum
950 4482 1022 4523 cum
1044 4459 1174 4523 infracta
1195 4458 1341 4523 felicitate
1364 4458 1518 4543 peracturi
