3725 5542
973 682 993 741 8

475 880 587 943 veniri:
613 901 709 961 quum
733 898 804 941 vero
823 877 1005 940 nominatim
1021 876 1154 941 hominis
1170 878 1323 943 describat
1337 879 1491 955 officium,

476 996 642 1060 ostendens
658 995 734 1078 quid
750 996 791 1057 sit
805 994 882 1071 ἀνδρὶ
899 995 985 1065 ἐοικὸς
993 1044 1003 1075 ,
1020 1017 1144 1058 cansam
1159 996 1250 1059 officii
1266 996 1359 1061 simul
1375 996 1491 1079 aperit,

474 1134 593 1197 nosque
625 1122 730 1176 monet
760 1112 829 1175 ideo
861 1110 899 1173 de
922 1110 992 1173 Diis
1016 1110 1123 1195 pulcra
1144 1112 1245 1176 dicere
1268 1113 1396 1191 debere,
1421 1114 1494 1197 quia

476 1231 615 1294 homines
639 1252 756 1293 sumus.
802 1226 913 1310 Neque
937 1228 1019 1291 enim
1043 1228 1162 1312 siquis
1187 1252 1281 1313 supra
1296 1231 1423 1295 modum
1438 1230 1495 1294 hn-

476 1370 602 1411 mannm
634 1370 665 1410 se
695 1354 826 1409 conatur
857 1344 1022 1421 extollere,
1053 1368 1184 1430 poenam
1215 1355 1318 1431 potest
1340 1348 1492 1431 effugere:

475 1464 507 1528 id
540 1464 622 1548 qnod
654 1464 727 1527 olim
758 1464 791 1527 in
814 1462 946 1526 Tantalo
969 1464 1130 1546 apparuit,
1156 1465 1210 1548 qni
1233 1466 1494 1549 praestantissima

474 1584 599 1644 fortuna
630 1603 647 1643 a
680 1580 746 1643 Diis
770 1578 922 1655 donatus,
948 1579 1123 1643 hundeum
1146 1580 1302 1645 moderate
1324 1582 1398 1645 tulit
1405 1630 1415 1659 ,
1439 1581 1494 1645 sed

476 1697 621 1782 sirprerbia
642 1696 760 1760 cladem
784 1696 911 1760 invenit.
958 1695 1074 1760 Verum
1097 1697 1131 1760 in
1154 1696 1213 1761 hoc
1236 1698 1304 1781 ipso
1327 1698 1433 1782 mytho
1453 1698 1491 1762 de

474 1814 605 1878 Tantalo
629 1813 780 1877 narrando
803 1812 957 1877 Pindarus
981 1814 1120 1897 apernit,
1145 1813 1300 1897 quomodo
1324 1816 1390 1899 ipse
1404 1838 1491 1893 mm,

476 1956 554 2015 qnae
578 1915 761 2006 decatum,
786 1930 966 1993 modestiam
990 1930 1159 1995 retinuerit.

521 2048 666 2132 Mythum
687 2056 842 2112 vetustum
862 2048 1019 2111 novimus:
1039 2046 1219 2124 Tantalum,
1240 2071 1338 2132 quum
1355 2050 1491 2113 lleorum

477 2166 616 2229 convivio
640 2164 843 2240 interfuisset,
866 2164 999 2228 vicissim
1019 2186 1070 2227 eos
1089 2165 1228 2228 convivio
1248 2166 1420 2249 excepisse,
1443 2189 1495 2250 ap

479 2284 616 2366 posuisse
640 2290 742 2345 antem
762 2282 799 2344 iis
819 2281 851 2344 in
871 2302 978 2344 mensa
997 2280 1140 2365 Pelopem
1161 2304 1253 2345 sunm
1272 2282 1386 2345 filium:
1406 2282 1495 2367 enjus

478 2400 624 2463 humerus
651 2422 747 2481 quum
771 2420 789 2461 a
811 2398 920 2462 Cerere
944 2420 1084 2463 comesus
1107 2408 1203 2475 esset,
1228 2421 1246 2461 a
1267 2399 1344 2462 Jove
1367 2422 1438 2463 enm
1462 2401 1493 2463 in

480 2517 573 2579 vitam
597 2525 770 2579 revocatum
794 2515 930 2579 eburneo
953 2514 1102 2578 donatum
1126 2537 1191 2579 esse
1215 2514 1361 2578 humero:
1383 2516 1495 2580 Tanta·

477 2634 543 2697 lum
564 2656 633 2696 vero
654 2656 752 2717 poena
771 2634 803 2697 in
823 2634 928 2697 inferis
945 2633 1086 2697 affectum
1102 2634 1289 2717 gravissima
1325 2632 1375 2696 Ita
1389 2635 1493 2719 vulgo.

479 2752 521 2814 nt
552 2750 705 2814 Pindarus
733 2752 793 2813 sic:
822 2749 969 2827 „Tantali
991 2749 1052 2827 lili,
1077 2773 1135 2835 ego
1157 2760 1205 2828 te,
1230 2760 1337 2815 contra
1359 2752 1476 2837 priores
1483 2801 1494 2830 ,

477 2868 625 2943 narrabo,
661 2890 757 2951 quum
792 2874 878 2951 pater
909 2875 984 2931 tnus
1015 2866 1054 2929 ad
1082 2868 1288 2951 justissimum
1319 2869 1494 2933 convivium

478 2986 682 3068 dilectamque
714 2982 854 3068 Sipylum
885 2983 968 3046 Deos
1000 2993 1137 3061 vocaret,
1170 2984 1303 3047 vicissim
1326 2985 1365 3047 iis
1388 2984 1496 3069 epulas

479 3100 640 3186 praebens,
661 3110 734 3164 tnnc
754 3100 892 3185 rapuisse
913 3099 1098 3184 Neptunum
1118 3109 1220 3165 mente
1242 3102 1357 3166 victum
1377 3124 1495 3179 amore,

478 3228 509 3282 et
529 3240 621 3282 aureo
641 3240 733 3283 curru
754 3219 788 3281 iu
808 3240 958 3282 summam
977 3217 1064 3281 Jovis
1083 3217 1244 3282 clarissimi
1259 3218 1385 3283 domum
1401 3228 1498 3283 trans·

479 3346 635 3420 portasse,
667 3356 728 3417 qno
756 3344 878 3419 postero
902 3346 1039 3420 tempore
1062 3336 1145 3399 venit
1168 3336 1261 3400 etiam
1284 3336 1497 3421 Ganymedes,

478 3452 549 3513 Jovi
580 3450 679 3514 eidem
710 3452 843 3514 servitio.
890 3451 997 3531 Quum
1028 3474 1092 3516 non
1121 3475 1302 3537 appareres,
1335 3453 1497 3535 nequead

480 3576 606 3632 matrem
629 3576 660 3631 te
681 3569 815 3633 multum
837 3579 1017 3653 quaerentes
1037 3570 1177 3633 homines
1197 3570 1400 3645 adducerent,
1420 3568 1500 3633 dixit

479 3709 549 3751 mox
573 3687 748 3751 clanculum
772 3688 882 3771 aliquis
906 3710 944 3752 ex
966 3686 1079 3751 invidis
1101 3687 1228 3764 vicinis,
1252 3687 1375 3771 inipso
1399 3708 1498 3770 aquae

479 3804 569 3889 igneo
593 3804 708 3867 fervore
732 3804 814 3867 Deos
837 3814 892 3868 tna
915 3804 1051 3868 membra
1071 3804 1172 3867 cultro
1193 3803 1339 3867 cecidisse
1357 3825 1393 3865 ac
1412 3812 1498 3867 tuam

479 3944 601 3985 carnem
633 3922 664 3985 in
696 3923 808 3985 mensis
840 3922 1034 3986 distribuisse
1056 3932 1088 3985 et
1110 3921 1287 3985 comedisse.
1334 3920 1402 4005 Ego
1424 3943 1497 3985 vero

480 4062 542 4104 non
567 4062 692 4124 possum
715 4062 900 4123 quemqnam
927 4039 1061 4104 Deorum
1085 4061 1193 4103 vocure
1215 4046 1321 4102 ventre
1343 4039 1496 4103 insanien-

478 4166 557 4220 tem:
582 4155 706 4220 absum:
731 4157 846 4221 malum
869 4157 1032 4241 occupavit
1054 4178 1144 4241 saepe
1165 4155 1365 4220 maledicos.”
1379 4156 1404 4239 ¹)

515 4414 539 4475 l)
559 4412 597 4463 01.
615 4412 638 4461 1.
657 4410 765 4460 aa-an
799 4410 925 4477 Reliquam
944 4412 1066 4473 fabulum,
1081 4412 1282 4477 quemadmodum
1298 4428 1313 4460 a
1331 4409 1435 4459 Pindaro
1446 4424 1501 4458 nan
