3725 5542
830 763 894 825 456

348 987 472 1029 munem
496 965 645 1049 originem
668 984 734 1026 ease
749 963 915 1026 statuentiz
934 962 1070 1027 Histoire
1086 963 1124 1027 de
1139 962 1170 1026 la
1185 963 1369 1028 civilisation

349 1081 403 1146 des
433 1081 547 1158 Grecs,
578 1079 615 1144 Π
637 1082 719 1156 640,
745 1080 828 1154 651,
853 1077 918 1142 VII
942 1081 1016 1143 303.
1064 1079 1207 1144 Getarum
1231 1080 1369 1145 celeritas

349 1198 469 1263 itineris
493 1197 676 1284 exprimitur
698 1205 729 1260 et
752 1195 902 1262 brevitate
924 1197 1087 1275 dictionis,
1112 1205 1142 1261 et
1166 1197 1265 1263 verbis
1288 1199 1369 1273 ἤπει-

349 1339 403 1392 γεν
425 1312 571 1390 ἐλαύνων,
596 1321 627 1378 et
648 1314 780 1398 repetita
802 1313 955 1398 particula
979 1313 1039 1380 acl.

398 1434 450 1496 ca.
486 1431 616 1508 ἤπειγεν.
641 1430 841 1496 Intransitive
858 1432 949 1496 etiam
962 1433 1089 1516 ponitur
1104 1431 1197 1516 Soph.
1215 1431 1263 1495 El.
1280 1435 1365 1496 1485

351 1548 452 1626 ἔπειγέ
473 1572 538 1632 ννν,
563 1557 594 1612 et
616 1547 724 1633 Enrip.
749 1547 803 1612 Or.
830 1550 891 1614 767
916 1549 988 1612 ἀλλ’
1010 1547 1122 1625 ἔπειγε.

397 1668 449 1728 62.
484 1663 655 1745 ’Λμαζδνας
685 1664 835 1736 etimne.
871 1664 978 1750 Iinrip.
1004 1665 1132 1750 Hippol.
1157 1667 1220 1730 607
1246 1665 1299 1738 τὴν
1319 1667 1365 1729 lar·

350 1783 421 1846 π1αν
436 1780 607 1862 Ἀμαζόνα,
625 1783 689 1845 581
705 1790 758 1856 τῆς
774 1782 923 1862 Φιλίππου
935 1781 1106 1863 Ἀμαζόνος.
1127 1780 1363 1847 010111147.

396 1901 447 1964 67.
483 1898 571 1979 δεῦρο.
606 1899 640 1962 in
665 1899 824 1984 Aeginam.
872 1898 920 1963 (11.
946 1921 980 1963 vs
1003 1901 1046 1964 64
1069 1899 1166 1964 τάνδε.

395 2017 447 2079 66.
482 2014 595 2093 arpo.
631 2015 691 2079 Pro
722 2015 840 2096 δειραδιε
872 2024 999 2102 propter
1029 2017 1287 2102 praepositionem
1316 2015 1364 2080 tari

347 2152 382 2194 rs
412 2134 465 2196 64.
514 2131 637 2196 Collum
661 2132 804 2197 Corinthi
828 2141 874 2197 est
894 2135 1023 2218 jugum,
1049 2132 1150 2219 quod,
1175 2133 1213 2198 ab
1237 2131 1357 2197 Isthmo

347 2249 515 2335 incipiens,
540 2247 649 2313 urbem
671 2249 704 2313 in
728 2272 760 2312 se
783 2250 872 2313 sitam
896 2248 1006 2314 habet:
1031 2249 1069 2314 cf.
1094 2248 1145 2313 01.
1169 2248 1222 2313 ΙΠ
1238 2251 1297 2326 48,
1313 2247 1362 2313 IX

349 2367 407 2429 89:
433 2365 541 2452 linrip.
565 2365 682 2430 Phoen.
708 2369 772 2429 206
797 2367 854 2431 ὑπὸ
876 2365 982 2446 δειράσι
1006 2366 1170 2448 νιφοβόλοις
1194 2372 1360 2447 Παρνασοῦ.

347 2481 419 2563 Quo
448 2492 551 2547 antem
583 2483 736 2568 pertineat
766 2481 907 2568 Neptuni
930 2483 990 2548 iter
1011 2484 1044 2548 in
1068 2482 1240 2560 Isthmum,
1264 2483 1362 2568 expri-

347 2601 443 2665 mitur
466 2599 564 2663 clarae
580 2621 692 2664 coenae
708 2600 1009 2664 commemoratione:
1026 2622 1083 2663 nec
1099 2621 1171 2663 sane
1188 2621 1360 2684 quaequam

346 2716 435 2781 facile
457 2718 485 2781 ei
508 2716 576 2781 Deo
599 2739 685 2781 sacra
703 2717 888 2803 jucundiora
911 2717 996 2781 fuere
1016 2738 1109 2800 quam
1124 2715 1273 2793 Isthmia,
1292 2725 1358 2781 tum

346 2833 472 2920 reliquis
493 2833 585 2899 rebus
609 2841 676 2900 tum
699 2832 919 2899 certaminibus
943 2833 1085 2918 gloriosa.
1120 2833 1267 2899 Jncunda
1287 2856 1359 2898 vero

346 2958 393 3014 est
416 2949 491 3015 haec
514 2951 797 3035 antiquissimorum
813 2959 972 3035 poetarum
989 2951 1081 3028 ratio,
1099 2956 1136 3014 ut
1152 2972 1237 3014 sacra
1252 2950 1359 3036 epulas

346 3066 464 3151 aliquas
477 3090 542 3131 esse
554 3067 660 3145 velint,
673 3068 711 3131 ad
728 3089 803 3151 quaa
816 3068 874 3152 ipsi
886 3067 942 3131 Dii
954 3067 1087 3132 veniant.
1105 3067 1197 3132 Hom.
1210 3066 1249 3131 11.
1263 3065 1358 3131 1466

412 3186 485 3256 Ζεὺς
507 3185 568 3264 γὰρ
590 3185 620 3256 ἐς
643 3184 789 3249 Ὠκεανὸν
811 3184 881 3260 μετ’
903 3184 1060 3261 ἀμύμονας
1083 3185 1240 3257 Αἰθιοπῆας

411 3299 510 3381 χθιᾶς
533 3300 589 3378 ἔβη
612 3301 694 3365 κατὰ
716 3299 822 3374 δαῖτα,
844 3301 898 3365 daci
922 3299 946 3364 δ’
970 3299 1039 3377 ἅμα
1061 3299 1173 3372 πάντες
1196 3297 1307 3364 ἕποντο.

344 3416 392 3482 (11.
417 3441 496 3504 qnae
519 3419 734 3483 annotavimus
757 3418 797 3483 ad
820 3416 871 3482 01.
896 3417 950 3482 ΙΠ
975 3420 1027 3483 lt.

390 3537 530 3600 70-78.
568 3535 625 3599 list
653 3537 705 3600 hic
729 3534 854 3621 quidem
876 3535 963 3599 locus
986 3555 1055 3598 mea
1078 3533 1231 3598 sententia
1253 3532 1358 3597 admo-

342 3652 417 3716 dum
448 3652 598 3730 difficilis,
629 3675 686 3717 nec
714 3660 829 3717 certam
851 3650 950 3717 habeo
974 3651 1227 3736 explicationem:
1252 3660 1355 3715 tamen

342 3791 377 3832 ea
399 3791 586 3854 proponam,
612 3793 690 3856 quae
712 3770 790 3834 mihi
812 3769 957 3834 ridentur
979 3768 1160 3853 probabilia.
1196 3768 1355 3832 Melesiam

341 3894 462 3950 constat
497 3887 589 3952 fnisse
623 3888 805 3973 magistrum
839 3887 1007 3972 palaestrae
1041 3887 1160 3970 ingenti
1195 3885 1293 3970 gloria
1324 3892 1355 3949 et

340 4001 564 4086 discipulorum
593 4004 729 4068 victoriis
761 4027 854 4090 qnam
885 4001 1026 4088 plurimis
1056 4000 1183 4065 clarum.
1230 4000 1354 4065 inillis

339 4117 498 4204 discipulis
526 4121 612 4186 inere
640 4130 671 4186 et
698 4121 751 4185 alii
776 4121 961 4206 Aeginetae,
986 4124 1017 4182 et
1041 4117 1222 4183 Alcimedon
1246 4140 1281 4182 ac
1304 4117 1354 4182 'li-

338 4237 523 4303 moathenes.
571 4239 793 4305 Alcimedontis
829 4237 955 4323 quidem
986 4235 1144 4300 victoriam
1176 4234 1352 4320 Olympiam

337 4355 398 4419 hoc
428 4358 561 4421 carmine
592 4358 741 4436 celebrat,
774 4355 981 4421 Timosthenis
1012 4376 1082 4418 vero
1110 4351 1293 4418 Nemeaeum
1319 4376 1351 4417 vs

339 4475 380 4535 al
410 4474 502 4538 verbo
533 4475 653 4560 attigit,
687 4481 793 4560 postea
815 4475 895 4539 hanc
918 4471 1053 4538 carmine
1076 4471 1196 4555 integro
1220 4471 1351 4536 celebra-
