3725 5542
849 707 909 769 227

370 912 475 977 cubito
504 911 619 975 velocia
644 909 705 973 tela
728 910 813 973 intus
838 908 967 972 suntin
992 907 1152 992 pharetra,
1178 906 1321 971 sonantia
1342 907 1386 970 in·
1423 912 1485 972 150

371 1028 600 1113 telligentibus:
634 1050 739 1093 verum
776 1027 807 1091 in
839 1026 952 1110 vulgus
984 1024 1126 1109 indigent
1156 1023 1385 1109 interpretibus.

370 1148 498 1235 Sapiens
533 1156 580 1212 est
615 1147 668 1231 qui
700 1145 799 1211 multa
829 1145 915 1209 novit
947 1144 1073 1209 naturd:
1107 1144 1160 1227 qui
1192 1142 1386 1220 didicerunt,

371 1266 472 1353 rapidi
495 1265 675 1351 garrulitate
700 1263 785 1329 velut
808 1263 890 1327 corvi
907 1263 994 1327 irrita
1010 1261 1181 1347 loquuntur
1194 1262 1285 1347 juxta
1300 1260 1387 1325 Jovis

372 1385 510 1450 divinum
543 1384 656 1449 alitem.
704 1380 836 1447 Intende
867 1403 952 1447 nunc
983 1403 1086 1446 arcum
1119 1380 1152 1445 in
1176 1379 1387 1465 propositum:
1426 1385 1487 1446 160

373 1526 428 1589 age
460 1503 576 1581 anime,
609 1524 701 1587 qoem
732 1501 858 1567 ferimus
883 1523 900 1565 e
922 1499 1008 1565 dulci
1039 1522 1147 1565 rursus
1176 1507 1279 1563 mente
1307 1497 1389 1562 clara

372 1621 435 1687 tela
457 1618 637 1685 mittentes?
660 1621 692 1683 in
720 1620 922 1705 Agrigentum
947 1617 1110 1683 intendens
1134 1617 1233 1683 dicam
1254 1618 1388 1703 juratam

373 1741 555 1805 sententiam
579 1762 650 1804 vera
672 1746 793 1817 mente,
817 1737 938 1803 nnllam
953 1760 1007 1822 per
1022 1744 1148 1802 centum
1164 1757 1260 1802 annos
1278 1736 1387 1801 urbem

374 1861 527 1945 peperisse
551 1859 650 1923 virum
673 1858 771 1943 magis
795 1858 900 1923 amicis
924 1864 1027 1922 mente
1047 1856 1216 1922 beneficum
1232 1878 1389 1940 manuque
1427 1858 1506 1952 170·

372 1979 576 2043 liberaliorem
599 1977 749 2042 Therone.
797 1976 858 2041 Sed
882 1976 1004 2041 laudem
1029 1976 1141 2041 invasit
1165 1975 1301 2055 invidia,
1325 1999 1387 2041 non

369 2099 437 2183 jure
468 2098 575 2175 obvia,
608 2096 662 2160 sed
686 2094 814 2159 amalis
843 2094 933 2172 viris,
958 2094 1118 2159 vociferari
1140 2095 1268 2179 cupiens
1291 2103 1323 2158 et
1346 2104 1388 2159 te·

372 2215 481 2280 nebras
505 2216 663 2300 imponere
687 2214 839 2279 bonorum
865 2213 980 2299 pulcris
1003 2212 1201 2279 facinoribus.
1241 2211 1389 2293 Quando

373 2334 497 2419 quidem
534 2357 626 2398 arena
661 2356 822 2399 numerum
854 2334 952 2419 fugit:
986 2333 1039 2398 ille
1069 2342 1146 2417 quot
1175 2332 1290 2418 gaudia
1320 2332 1388 2396 aliis

372 2454 507 2531 dederit,
533 2455 602 2537 quis
627 2452 727 2517 dicere
751 2452 869 2537 possit?

782 2725 977 2735 ........----

651 2996 654 3005 ,
724 2922 919 2989 onrnrm
955 2920 1016 2987 ιιι.

801 3180 950 3225 ananum.

417 3397 601 3483 Tyndaridis
631 3397 836 3483 hospitalibus
869 3398 1080 3482 formosusque
1108 3396 1244 3463 Helenae
1268 3408 1304 3461 ut
1326 3399 1389 3483 pla-

375 3538 459 3581 ceam
492 3538 615 3601 precor,
647 3516 764 3581 clarum
799 3517 1004 3601 Agrigentum
1037 3516 1208 3594 honorans,
1240 3516 1390 3583 Theronis

377 3644 501 3721 propter
533 3636 692 3700 victoriam
720 3635 896 3721 Olympiam
919 3657 1041 3700 carmen
1065 3636 1201 3720 erigens,
1226 3635 1391 3700 indefesso·

376 3776 443 3818 rum
469 3776 618 3839 equorum
643 3753 747 3818 decus.
796 3754 845 3819 lta
867 3754 1015 3819 nimirum
1038 3754 1114 3818 mihi
1139 3753 1231 3817 Musa
1254 3752 1390 3831 adstitit,

375 3874 446 3937 novi
479 3872 652 3959 splendoris
684 3873 808 3937 modum
842 3874 981 3958 festoque
1012 3872 1128 3937 illustri
1158 3872 1389 3937 convenientem

376 3992 555 4077 reperienti,
586 4014 647 4076 quo
678 4013 781 4055 vocem
806 3991 902 4055 Dorio
927 3999 1063 4075 aptarem
1087 3990 1198 4055 calceo.
1246 3989 1392 4071 Quando·
1430 3995 1469 4056 10

374 4112 499 4195 quidem
523 4110 659 4176 crinibus
692 4110 855 4196 adjunctae
884 4132 1013 4175 coronae
1038 4132 1056 4175 a
1077 4132 1126 4174 me
1150 4109 1311 4196 postulant
1333 4110 1392 4174 hoc

374 4229 442 4292 Diis
474 4229 653 4294 auctoribus
685 4228 842 4307 debitum,
876 4237 912 4293 ut
943 4230 1079 4294 citharae
1104 4252 1194 4295 sonos
1219 4229 1318 4293 varios
1344 4251 1393 4291 vo-

374 4370 500 4434 cemque
525 4348 672 4413 tibiarum
692 4356 723 4412 et
739 4350 909 4413 carminum
925 4349 1176 4434 compositionem
1195 4347 1392 4414 Aenesidami

374 4468 437 4531 filio
461 4470 604 4532 misceam
637 4467 796 4547 decenter,
827 4478 855 4531 et
882 4468 953 4531 Pisa
976 4478 1013 4533 ιιι
1035 4468 1182 4534 clamem:
1207 4492 1224 4532 a
1248 4491 1310 4552 qna
1333 4469 1392 4532 De·

1214 4588 1270 4645 15·
