3725 5542
1013 710 1077 770 tiu

579 910 610 969 4.
645 906 833 985 μελιγάρυες.
869 904 924 990 Py
954 905 1007 973 ΙΠ
1040 909 1121 984 113,
1153 905 1213 970 Ne.
1240 904 1294 969 ΠΙ
1318 908 1356 983 l,
1380 905 1435 971 let
1459 906 1554 970 11⁶.

533 1021 622 1086 Ocni
646 1020 698 1086 Ol.
721 1022 752 1085 X
778 1025 852 1087 118.

576 1144 607 1203 5.
643 1140 766 1217 ὑστέρων
776 1140 871 1220 ἁρχαὶ
881 1141 987 1218 λέγων.
1020 1139 1412 1225 Significaturhymnorum
1426 1142 1552 1205 immor-

530 1257 652 1334 talitas,
684 1258 783 1341 iisque
810 1258 902 1321 etiam
925 1268 1065 1341 posterae
1088 1256 1185 1321 famae
1209 1256 1360 1341 principia
1382 1258 1548 1321 contineri.

577 1379 607 1439 5.
641 1376 791 1440 τέλλεται.
826 1374 934 1439 Unum
956 1373 1059 1438 Schol.
1084 1373 1154 1439 Vet.
1179 1396 1215 1438 ex
1240 1373 1328 1439 Urat
1352 1374 1477 1439 Arcturi
1494 1380 1546 1439 τοῦ

528 1493 683 1557 vivianae
713 1494 738 1556 ol
769 1490 866 1568 ὕμνοι·
897 1491 985 1555 ἑνικὸν
1015 1490 1082 1555 ἀντὶ
1105 1492 1320 1565 emolumenti.
1357 1490 1394 1555 In
1417 1490 1548 1573 reliquis

529 1608 684 1673 veteribus
706 1609 832 1673 scholiis
855 1608 943 1672 nulla
965 1608 1114 1693 ejusmodi
1138 1616 1184 1673 est
1201 1610 1336 1686 mentio,
1352 1609 1406 1671 sed
1424 1616 1547 1673 tautum

527 1726 698 1811 explicatur
719 1748 774 1810 per
788 1725 842 1790 εἶσὶ
859 1726 906 1789 vel
919 1727 1057 1803 γίνονται.
1081 1725 1230 1789 Similiter
1242 1725 1371 1791 Hesiod.
1383 1726 1543 1811 Theogon.

528 1846 591 1906 321
617 1843 655 1907 de
678 1841 841 1907 Chimaera

525 1970 579 2033 τῆς
601 1958 626 2023 t'
650 1956 684 2034 ἦν
705 1968 781 2039 τρεῖς
804 1961 955 2043 κεφαλαὶ,
979 1960 1035 2036 μία
1053 1962 1107 2035 μὲν
1125 1966 1265 2039 χαροποῖο
1282 1958 1411 2034 λέοντος,
1427 1972 1538 2021 rem

524 2078 619 2162 Soph.
643 2076 752 2141 Trech.
778 2079 842 2141 518

702 2192 765 2259 τότ’
788 2190 821 2268 ἦν
842 2192 928 2272 χερὸς
953 2189 985 2265 ἦν
1007 2192 1037 2257 δὲ
1058 2190 1148 2267 τόξων
1170 2191 1328 2269 πάταγος,

704 2308 737 2385 ἦν
759 2310 785 2375 δ’
806 2311 1014 2390 nouissimo
1037 2310 1190 2386 κλίμακες.

704 2425 787 2500 tuti
809 2428 951 2504 μετώπων
973 2428 1094 2493 interra
1117 2428 1300 2503 πλήγματα.

524 2543 631 2627 thue
662 2543 746 2627 apud
776 2542 946 2608 Hesiodum
980 2552 1011 2607 et
1033 2543 1215 2629 Sophoclem
1239 2544 1271 2607 iu
1296 2542 1449 2627 adjunctis
1472 2564 1544 2605 sen·

523 2661 629 2725 tentiis
653 2660 780 2725 fortasse
804 2660 907 2744 aliqua
929 2663 1008 2725 ratio
1028 2682 1093 2723 esse
1108 2659 1204 2724 videri
1221 2666 1323 2743 potest
1339 2658 1459 2723 numeri
1475 2658 1542 2721 sin-

522 2778 639 2861 gularis
647 2826 657 2856 ,
674 2780 717 2841 sic
733 2779 825 2843 etiam
842 2777 924 2862 apud
942 2777 1110 2842 Pindarum
1122 2778 1154 2842 in
1167 2777 1313 2861 adjuncto
1326 2776 1428 2840 πιστὸν
1440 2774 1541 2855 ὅρκιον.

568 2896 599 2955 6.
635 2897 738 2959 τιστὸν
760 2892 856 2975 ὅρκιον.
890 2893 1019 2978 Saepius
1042 2893 1195 2957 Pindarus
1218 2914 1338 2957 carmen
1364 2914 1419 2976 pro
1432 2893 1539 2975 jurato

523 3010 700 3073 testimonio
723 3032 789 3073 esse
811 3010 894 3074 vult:
918 3010 999 3074 coni.
1024 3008 1075 3074 Ol.
1100 3010 1136 3073 Π
1161 3014 1240 3088 166,
1264 3008 1312 3072 VI
1334 3012 1387 3073 84.

569 3128 599 3189 l.
633 3127 803 3203 ἀφθόνητος.
837 3127 935 3191 Extra
956 3126 1103 3191 invidiam
1129 3128 1172 3191 ita
1195 3126 1360 3210 significari
1384 3124 1443 3188 hoc
1458 3125 1539 3189 exis-

521 3243 612 3306 timet
642 3243 806 3307 scholiasta
837 3250 943 3320 vetus,
976 3252 1012 3307 ut
1043 3243 1214 3311 invidentes
1245 3251 1379 3307 statuam
1402 3249 1537 3305 evertere

521 3361 657 3444 possint,
688 3359 817 3444 gloriam
848 3361 1019 3425 carminum
1043 3361 1143 3425 delere
1166 3361 1381 3445 nonpossint
1418 3357 1536 3422 Verum

520 3476 672 3560 siguificat
690 3477 808 3560 potius,
825 3476 943 3539 nullam
959 3477 1058 3540 inesse
1073 3476 1221 3541 iuvidiam
1239 3499 1295 3541 uec
1311 3476 1534 3559 malignitatem

520 3594 553 3655 in
582 3616 618 3656 eo
642 3594 695 3675 qui
718 3592 842 3657 laudem
864 3594 1040 3678 impertiat,
1065 3594 1118 3657 sed
1141 3595 1264 3681 copiose
1288 3600 1318 3658 et
1341 3591 1536 3657 abundanter

519 3708 609 3772 illum
634 3709 798 3793 impertire

567 3829 597 3888 8.
631 3824 780 3902 ἄγκειται.
814 3825 992 3891 Houorifiee
1023 3826 1157 3893 dictum:
1187 3849 1258 3892 nam
1282 3848 1367 3890 sacra
1390 3824 1536 3901 donaria,

519 3965 598 4026 quae
621 3943 653 4005 iu
677 3941 814 4005 Deorum
836 3942 985 4007 honorem
1008 3943 1039 4007 in
1064 3944 1186 4029 templis
1203 3944 1340 4029 exposita
1358 3950 1448 4017 sunt,
1464 3942 1538 4005 ἑνι-

517 4063 628 4126 aetola
650 4060 816 4126 dicuutur:
840 4061 925 4125 velut
948 4062 1062 4127 Herod.
1086 4062 1104 4125 Ι
1129 4065 1181 4127 14.

565 4182 593 4241 8.
628 4179 670 4242 τὸ
691 4178 755 4256 μὲν.
788 4176 904 4263 Logice
926 4178 1118 4243 referendum
1144 4188 1190 4243 est
1213 4178 1252 4241 ad
1276 4176 1390 4253 ὕμνους.
1432 4173 1536 4237 Facile

517 4294 697 4381 hujusmodi
719 4304 875 4360 structura
898 4295 1090 4361 admittitur:
1115 4296 1192 4361 Eur.
1218 4294 1293 4380 Sup.
1319 4296 1380 4358 597

672 4411 771 4480 delei
788 4412 873 4493 μόνον
894 4436 960 4497 μοι,
985 4414 1051 4487 τοὺς
1073 4416 1150 4487 θεοὺς
1174 4416 1271 4495 ἔχειν,
1295 4410 1352 4477 ὅσοι
