3725 5542
795 716 836 777 31

317 932 474 1006 ponuntur.
529 922 698 997 Hercules,
734 928 768 983 nt
797 919 861 1005 jam
894 916 1045 994 vidimus,
1079 914 1226 996 incaelo
1254 937 1327 979 cum

316 1040 370 1103 Dis
390 1042 448 1125 agit
470 1064 595 1118 aevum,
623 1039 774 1122 fortisque
798 1036 908 1121 Pelops
929 1034 1131 1099 libationibus
1149 1034 1262 1097 fruitur
1286 1030 1327 1095 ad

315 1158 476 1243 Alpheum,
501 1158 746 1243 sepulcrumque
769 1155 862 1220 habet
882 1156 974 1239 juxta
996 1154 1222 1217 celeberrimam
1240 1150 1326 1215 Jovis

312 1300 400 1341 aram
417 1282 439 1361 ¹)
486 1276 552 1341 Nec
584 1276 677 1341 desiit
699 1274 948 1360 Tyndaridarum
970 1272 1141 1357 gloriosum
1163 1270 1326 1355 imperium

312 1397 522 1474 certaminum,
556 1396 678 1481 ipsique
709 1392 877 1459 adorantur
907 1415 925 1456 a
954 1391 1013 1476 piis
1036 1389 1216 1455 mortalibus
1239 1388 1326 1453 festis

312 1514 425 1597 opimis.
438 1516 463 1597 l)
500 1516 601 1577 Aeaco
624 1534 642 1575 a
666 1510 734 1575 Diis
762 1510 837 1594 ipsis
866 1508 1049 1594 permissum
1078 1529 1180 1571 rernm
1208 1504 1326 1573 arbitri·

311 1654 381 1708 um,
399 1636 424 1715 3)
457 1630 690 1695 Radamauthus
721 1628 780 1713 ipsi
814 1627 915 1692 Crono
946 1625 1062 1691 assidet
1091 1626 1124 1689 in
1152 1625 1281 1711 judicio.
1300 1628 1328 1709 4)

312 1748 416 1814 Peleus
440 1760 470 1814 et
493 1748 631 1813 Cadmus
657 1758 689 1811 et
714 1744 850 1811 Achilles
874 1746 907 1809 in
928 1744 1088 1809 beatorum
1107 1744 1217 1809 insulis
1237 1753 1326 1820 sunt,

311 1888 385 1950 quas
414 1866 529 1930 circum
560 1865 664 1929 oceani
696 1886 788 1927 aurae
819 1864 955 1949 spirant,
979 1862 1084 1945 ibique
1107 1862 1196 1926 flores
1219 1860 1329 1925 ardent

310 1985 406 2060 aurei,
428 1985 541 2049 terreni
565 1982 617 2047 alii
643 2005 659 2046 e
682 1980 853 2067 splendidis
875 1980 1051 2057 arboribus,
1068 1979 1122 2061 alii
1137 2002 1216 2065 quos
1231 1979 1328 2064 pascit

309 2122 401 2185 aqna:
425 2124 559 2186 qnorum
583 2102 672 2165 sertis
698 2109 728 2164 et
752 2100 872 2165 coronis
895 2122 1006 2164 manus
1029 2099 1208 2164 redimiunt.
1221 2100 1245 2182 ὓ)

355 2218 416 2283 Nec
439 2242 511 2283 vero
528 2219 594 2283 laus
613 2226 739 2283 tantum
756 2228 787 2283 et
803 2219 853 2303 pia
868 2219 1032 2297 memoria,
1050 2218 1104 2281 sed
1120 2218 1219 2281 honos
1236 2218 1327 2281 etiam

309 2342 339 2401 et
362 2336 464 2401 cultus
488 2336 556 2401 luit.
593 2336 631 2400 ld
655 2336 738 2420 quod
764 2338 796 2401 iu
819 2336 1003 2421 Tyndaridis
1024 2338 1140 2401 sactum
1156 2358 1221 2399 esse
1236 2333 1328 2399 modo

308 2456 495 2519 monuimus.
542 2454 741 2539 Tlepolemus
773 2477 843 2519 vero
871 2454 935 2519 dun
958 2454 1191 2540 Tiryntbiorum
1214 2454 1329 2539 impru-

309 2572 415 2639 denter
439 2573 607 2659 aliquando
631 2572 754 2638 caedem
779 2574 931 2637 commisit
956 2574 1071 2637 iratus:
1096 2573 1150 2637 sed
1172 2594 1269 2656 quum
1285 2593 1329 2635 es-

309 2700 356 2755 set
378 2699 482 2757 tamen
506 2692 576 2777 pius
601 2692 646 2753 vir
671 2700 702 2755 et
726 2692 865 2776 sapiens,
892 2692 949 2756 boc
972 2693 1038 2777 ejus
1058 2692 1174 2756 malum
1191 2692 1242 2755 Dii
1259 2714 1330 2755 con·

308 2818 466 2875 verterunt
493 2810 525 2901 in
550 2810 686 2886 bonnm,
712 2809 891 2894 exstititque
915 2809 1017 2874 Bbodi
1041 2808 1199 2887 conditor,
1224 2809 1329 2894 ibique

307 2927 434 2991 miserae
458 2926 642 2991 calamitatis
667 2929 877 3012 compensatio
900 2927 1001 2993 dulcis
1024 2928 1050 2991 ei
1071 2927 1202 3005 mansit,
1219 2938 1256 2992 ut
1271 2928 1329 2991 Dei

304 3044 402 3107 instar
434 3054 513 3109 esset
536 3053 567 3108 et
592 3046 700 3109 hostiis
724 3046 1012 3129 certaminibusque
1035 3046 1197 3111 coleretur.
1210 3049 1235 3129 θ)
1260 3045 1330 3110 Alc·

304 3184 412 3226 maeon
437 3184 508 3227 vero
533 3164 629 3247 ipsius
654 3162 781 3228 Pindari
806 3163 933 3229 aedibus
959 3166 1094 3229 ricinum
1112 3164 1262 3249 templum
1278 3165 1330 3230 ba·

305 3280 391 3345 buit:
427 3281 544 3345 seilicet
581 3283 638 3345 hoc
670 3282 857 3367 intelligitur
889 3306 927 3347 ex
959 3284 1010 3368 pia
1036 3292 1143 3368 poetae
1169 3285 1324 3349 oratione:

304 3398 549 3475 „Alcmaeonem
571 3400 637 3485 ipse
652 3400 762 3465 lubens
780 3423 893 3486 spargo
909 3403 1029 3465 coronis
1045 3411 1076 3465 et
1090 3402 1158 3486 rigo
1174 3402 1328 3481 carmine,

304 3517 381 3601 quia
412 3516 531 3581 ricinus
563 3517 640 3582 milri
663 3526 710 3581 est
733 3526 764 3581 et
788 3539 882 3601 opum
906 3528 1011 3583 custos
1034 3519 1203 3583 mearum.'’
1216 3521 1241 3602 7)
1288 3519 1329 3583 ut

304 3634 441 3718 Soganes
466 3635 617 3719 Aeginetae
640 3634 755 3699 medias
771 3636 852 3700 inter
868 3636 931 3700 dno
948 3636 1092 3701 Herculis
1107 3637 1223 3723 templa
1238 3637 1328 3703 aedes
1420 3628 1429 3641 ’

304 3751 450 3816 habebat.
487 3750 573 3831 Quid
597 3762 701 3817 autem
724 3754 822 3817 amico
847 3730 956 3818 ricino⁸
967 3754 1162 3838 jucundius?
1197 3754 1257 3819 lllo
1273 3756 1329 3841 igi-

302 3881 359 3934 tur
389 3868 509 3947 vicino,
541 3872 595 3953 qui
627 3871 776 3955 Gigantes
808 3871 988 3949 domuerat,
1018 3872 1091 3936 felix
1113 3874 1238 3938 futurus
1261 3886 1328 3939 erat

302 3988 452 4073 Sogenes.
489 3988 614 4052 Aecinit
637 3988 724 4054 heroi
747 3996 854 4074 poeta:
879 3988 931 4067 „0
949 3991 1054 4068 beate,
1072 3999 1102 4054 te
1117 3991 1206 4057 decet
1219 3992 1327 4057 Jovem

303 4114 336 4171 et
360 4105 533 4169 Minervam
558 4128 734 4191 permovere
758 4116 794 4171 ut
817 4107 899 4172 bona
921 4108 1035 4193 Sogeni
1059 4109 1209 4175 tribuant.
1234 4110 1326 4175 Potes

340 4304 365 4365 l)
384 4304 422 4354 01.
441 4306 463 4353 I.
483 4304 538 4353 146,
646 4305 670 4366 2)
691 4306 727 4355 Ol.
746 4306 801 4356 III.
820 4305 835 4358 l
841 4306 862 4355 1.
963 4307 989 4367 3)
1008 4308 1069 4358 [rea.
1092 4309 1166 4358 VIII.
1184 4309 1224 4357 49.

340 4402 366 4460 4)
394 4398 431 4447 Ol.
450 4400 488 4448 II.
509 4397 565 4449 lat.
648 4401 674 4461 b)
697 4400 734 4450 01.
753 4401 791 4451 II.
811 4400 859 4451 142
875 4416 936 4465 seqq.
972 4402 1007 4450 De
1025 4401 1118 4451 Achille
1135 4404 1191 4452 sine
1208 4404 1328 4453 mactati-

305 4508 381 4543 onem
398 4493 428 4542 ad
446 4509 480 4541 ra.
503 4492 558 4543 148.
642 4495 668 4557 8)
688 4496 725 4546 01.
747 4496 804 4545 VII.
821 4496 868 4554 49,
888 4496 944 4546 141.
1044 4497 1070 4558 7)
1089 4498 1130 4564 Ρ).
1151 4498 1226 4548 VIII.
1244 4497 1285 4551 79.
