3725 5542
848 765 866 821 5

341 964 440 1027 totins
464 960 612 1025 Graeciae
634 959 821 1024 celebritate.
857 959 939 1023 Nam
964 967 1000 1024 ut
1014 960 1080 1024 illic
1095 962 1148 1025 alii
1164 965 1359 1031 nobilitatem

340 1102 473 1145 coronae
505 1086 660 1162 peterent,
692 1076 744 1140 alii
776 1077 896 1141 emendi
920 1086 976 1140 aut
998 1078 1151 1143 vendendi
1174 1090 1306 1163 quaestu
1331 1094 1362 1147 et

340 1198 430 1261 luero
461 1194 663 1270 ducerentur,
696 1202 776 1257 esset
807 1202 909 1257 autem
935 1194 1090 1277 quoddam
1114 1217 1211 1279 genus
1235 1220 1359 1275 eorum,

342 1316 399 1399 qui
434 1312 551 1377 visendi
586 1334 679 1374 eausa
714 1312 870 1389 venirent,
907 1311 1107 1394 studioseque
1138 1314 1362 1397 perspicerent,

342 1431 422 1515 quid
452 1438 593 1513 ageretur
624 1436 655 1491 et
685 1428 857 1510 quomodo:
890 1428 935 1490 ita
964 1450 1020 1491 nos
1052 1430 1083 1491 in
1115 1430 1173 1493 hac
1199 1432 1264 1495 vita
1287 1433 1364 1496 alios

341 1549 460 1633 gloriae
482 1546 613 1623 servire,
639 1545 714 1608 alios
738 1545 903 1630 pecuniae,
927 1536 1012 1608 raros
1036 1568 1101 1610 esse
1124 1549 1290 1631 quosdam,
1307 1552 1363 1634 qui

341 1688 447 1729 rerum
478 1672 620 1726 naturam
651 1660 789 1723 studiose
820 1662 1032 1724 intuerentur:
1064 1662 1121 1725 hos
1152 1688 1184 1726 se
1208 1666 1363 1749 appellare

342 1780 555 1867 philosophos.
572 1780 594 1861 ¹)
641 1776 794 1841 Pindarus
827 1798 898 1841 vero
929 1800 991 1840 non
1016 1800 1146 1842 coronae
1169 1781 1362 1846 nobilitatem

343 1896 451 1981 petiit,
476 1895 529 1958 sed
552 1915 694 1957 coronam
719 1891 912 1955 nobilitavit:
935 1915 996 1956 non
1012 1893 1128 1975 gloriae
1143 1916 1199 1956 nec
1216 1898 1363 1979 pecuniae

343 2012 467 2088 serviit,
503 2009 556 2073 sed
592 2010 719 2093 gloriam
756 2008 881 2093 reliquis
913 2010 1081 2094 impertivit
1111 2011 1242 2094 pecunia
1272 2012 1364 2097 louge

343 2129 605 2215 praestantiorem.
652 2126 766 2190 Rerum
797 2134 900 2191 autom
930 2150 993 2191 non
1017 2128 1156 2191 studium
1180 2152 1364 2213 coguoscen-

343 2248 469 2323 darum,
495 2244 547 2309 sed
571 2245 668 2329 ipsam
691 2243 927 2327 intelligentiam
952 2245 1131 2327 profitetur:
1156 2269 1219 2309 non
1244 2248 1362 2311 visendi

343 2375 374 2429 et
406 2362 609 2446 perspiciendi
631 2360 683 2423 sed
709 2360 838 2424 docendi
862 2363 1077 2425 causaverit:
1103 2370 1194 2446 poeta
1216 2364 1285 2441 ille,
1310 2366 1361 2429 oui

341 2481 521 2565 ingenium,
553 2479 604 2542 eui
634 2498 720 2541 mens
751 2477 883 2541 divinior
914 2488 1007 2562 atque
1038 2502 1071 2542 os
1096 2502 1207 2564 magna
1229 2504 1360 2561 sonans,

343 2598 459 2662 tradit-a
481 2596 629 2659 divinitus
653 2594 712 2659 sibi
735 2596 886 2679 sapientia
908 2596 992 2659 Deos
1016 2596 1186 2680 heroasque
1205 2599 1316 2662 cecinit
1332 2609 1363 2662 et

344 2714 491 2779 mortales
514 2712 755 2797 praeclarissima
778 2734 917 2795 quaeque
941 2713 1058 2777 docuit.

389 2834 494 2913 Atque
516 2830 618 2914 ipsum
642 2850 810 2893 sermonem
827 2829 1059 2895 attendentibus
1075 2854 1123 2894 res
1139 2841 1275 2916 apparet.
1301 2833 1362 2896 He-

343 2948 445 3013 rodoti
477 2946 599 3024 ἱστορίης
630 2943 766 3021 ἀπόδεξις
798 2946 874 3009 fuit:
908 2947 1028 3027 ἱστορεῖν
1051 2958 1154 3011 autem
1177 2950 1253 3032 quid
1275 2950 1361 3013 aliud

344 3075 393 3129 est
419 3063 480 3127 nisi
503 3062 679 3144 inquirere?
703 3070 734 3125 et
758 3062 834 3145 quid
858 3070 903 3127 est
926 3063 1141 3149 philosophiae
1163 3067 1360 3150 conjunctius

344 3203 437 3266 quam
467 3178 645 3262 inquirere?
686 3178 840 3243 Pindarus
873 3202 943 3244 vero
974 3181 1074 3261 σοφός·
1103 3182 1171 3244 aliis
1193 3181 1286 3246 rebus
1309 3184 1362 3247 alii

343 3299 448 3383 magni
482 3296 618 3379 clarique
652 3296 796 3373 luerunt5
829 3296 915 3361 illum
950 3319 1020 3361 vero
1051 3298 1180 3363 victores
1211 3322 1362 3385 regesque

341 3415 487 3479 viderunt

625 3530 790 3611 πρόφαντον
813 3530 905 3611 σοφίᾳ
927 3532 991 3595 ast'
1011 3533 1084 3596 ‘’Ea-

623 3660 717 3717 acrae
742 3645 827 3710 tiara
850 3652 953 3711 naarai

336 3766 526 3849 praeclarum
549 3764 698 3845 sapientia
721 3765 752 3825 ic
783 3762 904 3827 Graecae
926 3765 1031 3827 abiam
1045 3765 1071 3849 2)

388 3880 503 3965 Magna
526 3902 596 3943 vero
619 3882 741 3955 rerum,
766 3902 842 3963 quas
863 3880 975 3944 cecinit
989 3880 1159 3958 Pindarus,
1178 3883 1363 3964 praestantia

341 4010 388 4064 est
410 4006 504 4081 atque
528 3998 697 4082 ejusmodi,
722 4006 757 4061 ut
779 3998 813 4061 in
829 3999 936 4083 primis
952 4021 1053 4062 aorem
1069 3999 1212 4083 spiritum
1229 4022 1264 4062 ae
1281 4000 1360 4075 vim,

340 4116 436 4181 robur
466 4136 501 4178 ae
531 4115 698 4199 sapientiae
729 4115 861 4179 fundum
893 4117 1094 4199 requirerent.
1141 4114 1252 4199 Neque
1278 4118 1360 4180 euim

340 4234 510 4318 quidquam
541 4232 616 4297 tulit
644 4234 796 4317 posterior
827 4241 927 4311 aetas,
960 4233 1044 4317 quod
1076 4233 1186 4298 debeat
1209 4233 1361 4317 Olympiis

377 4492 401 4551 1)
421 4492 470 4541 Cic.
491 4492 556 4540 Pure.
579 4491 604 4539 V.
623 4490 647 4539 ³.
748 4490 772 4550 ἓ)
789 4490 845 4539 vid.
865 4490 901 4540 01.
920 4492 943 4539 t.
962 4488 1019 4541 187.
