3725 5542
823 692 863 755 ⁷5

332 897 528 982 intelligendi
559 894 718 959 destituti:
751 890 799 955 his
822 898 928 955 contra
952 890 1146 955 venientibus
1169 897 1201 952 et
1224 888 1355 951 claman-

332 1014 418 1079 tibus
444 1012 648 1099 respondero‚
673 1031 737 1075 esse
761 1008 835 1073 hacc

651 1131 796 1211 φωνᾶντα
819 1134 982 1191 συνετοῖσιν·
1006 1128 1036 1197 ἐς

653 1246 682 1309 δὲ
705 1245 738 1309 τὸ
761 1248 822 1309 πᾶν
846 1244 987 1323 ἑρμηνέων

651 1362 779 1443 χατίζει·

329 1484 472 1548 aeconio
498 1482 742 1563 intellipcntibna,
767 1481 798 1543 in
822 1482 924 1561 culpae
947 1480 1078 1561 iudipeot
1100 1479 1317 1561 interpretibus.
1331 1479 1357 1563 ¹)

330 1600 409 1665 Non
432 1600 485 1663 ille
508 1599 628 1685 sapiens
651 1607 715 1675 est,
741 1597 793 1683 qui
818 1598 963 1683 cognovit
979 1619 1083 1660 omnes
1099 1596 1137 1659 de
1153 1595 1222 1660 Diis
1239 1594 1358 1661 fabulas

330 1740 370 1782 ac
401 1716 596 1793 traditiones,
635 1716 689 1781 sed
720 1716 772 1801 qui
805 1714 879 1802 quid
913 1716 1069 1779 hominem
1091 1714 1129 1779 de
1152 1714 1221 1777 Diis
1245 1712 1359 1777 sentire

328 1834 492 1899 aedicere
516 1833 622 1898 deceat
644 1832 801 1917 intelligit.
846 1832 1006 1918 Insipiens
1029 1832 1100 1910 ille,
1125 1833 1178 1918 qui
1202 1832 1356 1895 fortunam

328 1953 476 2017 solertiae
499 1958 654 2036 acceptam
675 1952 769 2015 refert
791 1958 978 2036 cunctasque
1001 1950 1093 2015 callet
1107 1949 1233 2035 peritiae
1252 1948 1358 2013 huma·

330 2093 392 2135 nac
423 2070 503 2133 vias:
536 2068 590 2131 aod
622 2068 675 2133 ille
706 2066 900 2151 intelligens,
933 2069 988 2153 qui
1017 2090 1128 2153 magna
1150 2074 1183 2131 et
1205 2066 1359 2151 praeclara

332 2186 491 2271 suscipere
520 2185 615 2250 audet
646 2192 677 2249 et
699 2192 890 2270 perpetrare,
917 2207 1003 2271 spem
1025 2208 1097 2249 vero
1120 2192 1152 2249 et
1175 2186 1292 2249 exitum
1314 2207 1358 2249 re·

337 2306 431 2391 pouit
452 2306 485 2369 in
508 2304 587 2369 Diis.
601 2305 625 2389 Ξ)

383 2422 475 2507 Agite
498 2443 584 2499 vero,
611 2444 649 2485 an
669 2419 871 2498 attendimus,
889 2442 981 2506 quam
997 2420 1190 2485 divinitatem
1205 2420 1358 2485 Pindarus

338 2540 458 2604 homini
490 2539 605 2603 tribuat
627 2540 743 2624 ingenii
767 2562 802 2603 ac
825 2538 975 2603 naturae?
998 2537 1154 2603 Seclnsam
1177 2540 1291 2624 qnippe
1314 2540 1358 2603 ita

334 2680 357 2723 a
371 2658 526 2743 superbia,
543 2664 579 2723 nt
594 2657 759 2723 modestiae
775 2658 874 2723 omnis
890 2656 1125 2722 fundamentum
1140 2658 1190 2721 sit.
1225 2656 1355 2732 Sumus,

334 2778 458 2863 inquit,
486 2776 710 2841 immortalibus
733 2777 865 2854 similes,
891 2798 1076 2862 quamquam
1099 2775 1161 2841 diei
1183 2777 1276 2841 nnius
1299 2783 1358 2841 ter-

333 2895 414 2961 mini
435 2895 544 2979 ignari.
591 2894 811 2979 Repetentibus
835 2894 1022 2979 cogitatione
1044 2916 1094 2972 ea,
1116 2918 1193 2979 quae
1208 2894 1247 2958 de
1262 2896 1358 2959 conti-

333 3011 441 3075 nentia
463 3010 632 3076 secundum
656 3011 822 3075 Pindarum
838 3012 1032 3096 scripsimus,
1049 3019 1131 3077 certe
1146 3012 1354 3090 recordamur,

334 3150 426 3213 qnam
443 3128 517 3193 haec
532 3130 684 3213 ignoratio
700 3130 797 3193 futuri
813 3152 934 3195 omnem
949 3138 1086 3195 nostram
1096 3130 1354 3208 imbecillitatem,

334 3245 549 3331 fragilitatem,
581 3246 799 3311 mortalitatem
826 3248 991 3312 contineat.
1026 3250 1131 3333 Atque
1152 3250 1185 3313 in
1208 3248 1267 3313 hac
1288 3250 1356 3332 ipsa

333 3371 442 3439 nosne
470 3364 681 3430 imbecillitate
712 3366 923 3451 cognoscenda
954 3374 986 3431 et
1016 3368 1189 3433 confitenda
1210 3367 1355 3434 facillime

334 3484 474 3547 omnium
497 3482 645 3547 fallimur:
670 3506 726 3547 sua
748 3506 899 3570 quemque
921 3492 1034 3550 temere
1057 3485 1172 3571 decipit
1194 3486 1354 3572 superbia:

333 3601 424 3665 testis
455 3608 502 3665 eet
532 3602 631 3665 omnis
663 3601 807 3667 historia:
841 3609 873 3667 et
903 3609 1006 3667 tamen
1037 3604 1203 3689 superbum
1234 3627 1300 3669 esse
1323 3612 1355 3669 et

333 3718 469 3804 quadam
491 3718 636 3803 opinione
660 3722 707 3785 sui
731 3720 846 3799 efferri,
872 3722 948 3800 hoc,
973 3724 999 3787 si
1023 3724 1097 3808 quid
1114 3723 1213 3803 aliud,
1230 3725 1355 3789 mentiri

335 3844 383 3900 est
406 3844 438 3899 et
459 3836 596 3901 aberrare
620 3860 638 3901 a
661 3860 741 3902 vero.
788 3838 930 3924 Igiturne
952 3840 1104 3905 Pindarus
1125 3841 1241 3927 ingenii
1255 3842 1354 3907 nostri

333 3955 552 4040 praestantiam
583 3958 626 4020 ita
653 3957 693 4020 ad
723 3957 806 4021 Deos
837 3958 961 4036 retulit,
993 3968 1031 4024 ut
1060 3982 1123 4023 una
1149 3960 1354 4045 intelligentia

331 4072 398 4137 veri
433 4094 489 4135 uos
525 4095 595 4137 cum
630 4074 734 4139 divina
764 4084 874 4141 natura
905 4077 1085 4162 copularet?
1127 4078 1264 4144 Hoccine
1294 4080 1353 4144 sibi

367 4379 394 4439 1)
418 4377 481 4427 [bid.
508 4378 563 4427 152.
681 4379 705 4440 2)
723 4379 793 4430 Coos.
807 4397 878 4445 pepp.
897 4382 943 4441 59,
964 4383 1004 4433 60.
1041 4384 1133 4449 nm.
1150 4384 1213 4447 opud
1230 4384 1353 4448 Heraion

331 4478 389 4526 Ine.
405 4474 450 4533 ⁹⁹,
467 4473 531 4539 apud
550 4474 697 4525 Boaclrtimn
716 4477 802 4527 Paean.
822 4478 861 4527 10.
