3725 5542
1010 695 1053 754 44

522 888 591 971 quis
614 889 694 954 aliua
717 892 894 975 posterioris
912 893 1021 955 aetatis
1036 893 1183 977 scriptor,
1200 904 1232 957 et
1247 892 1383 956 nutritus
1399 902 1538 956 vetustae

523 1004 668 1073 Graeciae
692 1030 785 1073 sensu
809 1010 868 1074 luit
890 1018 920 1073 et
944 1033 1016 1075 eum
1039 1033 1129 1095 saepe
1151 1011 1307 1095 expressit.
1356 1010 1396 1074 Et
1417 1010 1536 1085 nescio,

523 1146 562 1187 an
584 1124 673 1190 nullo
696 1128 763 1190 loco
787 1129 913 1213 propius
933 1128 972 1192 ad
988 1128 1182 1193 Pindaricum
1196 1128 1321 1193 accedat
1336 1128 1537 1203 sententiam,

523 1263 615 1325 qnam
647 1266 700 1321 eo,
729 1266 791 1327 quo
822 1245 1037 1310 Themistoclis
1067 1258 1188 1311 enarrat
1218 1246 1347 1311 consilia
1374 1246 1477 1309 omnia
1505 1244 1538 1307 in

524 1362 670 1425 Graeciae
701 1362 872 1428 libertatem
903 1364 1118 1429 vindicandam
1145 1365 1274 1429 collata:
1297 1364 1431 1428 desumit
1454 1363 1536 1426 enim

525 1478 614 1543 verba
637 1478 704 1563 ipsa
726 1480 765 1545 de
789 1482 955 1566 palaestra:
980 1482 1198 1568 „praevidebat
1218 1479 1439 1545 Themistocles
1454 1480 1538 1544 tutu-

523 1617 591 1659 rum
616 1605 647 1661 at
669 1600 785 1684 majora
807 1602 991 1678 certamina,
1016 1600 1054 1664 ad
1077 1622 1156 1685 quae
1179 1623 1211 1663 se
1234 1600 1299 1683 ipse
1322 1599 1412 1663 nuxit
1431 1619 1539 1681 perpe·

523 1722 579 1777 tuo
606 1736 661 1799 pro
684 1726 750 1780 tota
772 1716 902 1781 Graecia
925 1728 957 1782 et
979 1719 1134 1782 civitatem
1158 1717 1324 1781 exercuit.”
1340 1718 1363 1798 Ι)
1386 1714 1537 1798 Idemque

523 1828 743 1897 Themistocles
766 1842 889 1919 postea,
915 1847 951 1899 ut
970 1837 1051 1899 fama
1064 1845 1128 1912 est,
1145 1834 1308 1920 Olympiae
1322 1833 1537 1897 dulcissimum

525 1970 557 2011 se
584 1948 735 2014 invenisse
758 1952 912 2035 professus
936 1962 983 2018 est
1005 1954 1145 2018 laborum
1169 1954 1356 2038 praemium,
1380 1974 1459 2035 quos
1481 1972 1538 2036 pro

525 2064 656 2130 Hellade
678 2069 893 2133 sustinuisset:
918 2092 1016 2154 quum
1039 2094 1058 2133 a
1076 2071 1258 2148 certamine,
1275 2071 1365 2155 cujus
1379 2067 1538 2153 spectandi

524 2205 618 2248 causa
647 2196 809 2263 venerant,
841 2187 880 2250 ad
911 2187 1000 2251 illum
1031 2188 1233 2271 spectandum
1255 2210 1361 2251 omnes
1383 2194 1539 2250 converte

524 2310 645 2381 rentur,
670 2302 821 2388 illumque
844 2305 959 2389 ignotis
981 2328 1051 2370 cum
1067 2304 1268 2371 admiratione
1284 2315 1314 2369 et
1330 2304 1440 2390 plausu
1457 2326 1538 2367 com·

525 2430 739 2488 monstrarent.
754 2424 778 2506 8)

569 2538 629 2603 Sed
660 2541 819 2607 redeamus
843 2543 879 2606 ad
905 2544 1006 2627 ipsum
1030 2542 1214 2606 Pindarum:
1238 2564 1310 2606 riam
1336 2558 1431 2605 unum
1455 2562 1539 2625 prae

526 2668 609 2722 terea
635 2661 803 2743 exquisitae
830 2661 1000 2725 sententiae
1021 2662 1123 2725 locum
1147 2681 1208 2724 non
1233 2656 1539 2745 praetermittendum

526 2798 591 2841 esse
623 2784 777 2862 putamus.
824 2777 1015 2863 Strepsiades
1041 2778 1206 2842 Thebanus
1229 2778 1262 2841 in
1285 2776 1424 2841 Isthmiis
1447 2776 1541 2840 victo

526 2894 603 2959 riam
627 2897 809 2980 reportavit:
834 2896 971 2981 ejusdem
995 2905 1152 2960 maternus
1171 2918 1260 2973 arus,
1277 2894 1384 2959 mdem
1400 2894 1539 2969 nominc,

527 3015 713 3079 occubuerat
737 3037 878 3100 pugnans
902 3036 958 3099 pro
982 3014 1090 3099 patria.
1127 3014 1278 3078 Pindarus
1294 3022 1395 3077 autem
1413 3011 1451 3075 de
1466 3012 1539 3076 illo:

527 3131 660 3209 „lucidis
691 3131 866 3196 illustratur
893 3132 1009 3209 Musis,
1033 3140 1233 3215 maternoque
1255 3152 1330 3207 avo,
1353 3130 1443 3214 cnjus
1458 3128 1539 3193 idem

527 3272 638 3315 nomen
670 3258 752 3328 erat,
784 3249 870 3315 dedit
900 3272 1063 3315 commune
1094 3248 1206 3325 decus,
1230 3249 1315 3312 Mara
1337 3248 1390 3311 cni
1411 3254 1539 3311 mortem
1655 3278 1659 3283 ·

527 3366 671 3431 admovit.
727 3368 837 3433 Honor
865 3368 998 3432 fortibus
1029 3377 1077 3431 est
1107 3368 1292 3453 propositus.
1345 3365 1429 3429 Sciat
1459 3365 1541 3429 enim

527 3488 718 3566 luculenter,
743 3489 882 3571 quisquis
906 3488 939 3551 in
962 3488 1018 3552 tali
1041 3494 1222 3572 tempestate
1237 3485 1366 3550 imbrem
1382 3481 1542 3568 sanguinis

528 3629 546 3669 a
569 3604 681 3669 dilecta
705 3606 804 3691 patria
825 3615 943 3681 arceat,
967 3605 1132 3689 perniciem
1154 3604 1254 3667 terens
1273 3601 1445 3667 adversario
1460 3610 1542 3664 exer·

528 3724 622 3800 citui,
651 3746 682 3787 se
706 3742 780 3787 suae
803 3724 886 3808 genti
910 3724 1075 3787 maximam
1098 3743 1212 3806 augere
1234 3720 1361 3806 gloriam
1386 3726 1417 3781 et
1439 3718 1543 3780 vivum

528 3854 559 3905 et
589 3852 755 3906 mortuum.
803 3840 868 3917 'l'n,
902 3840 1029 3904 lliodoti
1056 3840 1117 3916 fili,
1142 3840 1249 3903 fortem
1274 3836 1404 3901 laudatus
1431 3834 1544 3898 Melea·

528 3980 635 4044 grum,
660 3959 790 4023 laudans
815 3969 844 4023 et
869 3958 1032 4023 Hectorem
1059 3958 1360 4042 Amphiaraumqne,
1385 3954 1543 4017 florentem

528 4076 689 4161 exspirasti
720 4083 848 4140 aetatem
883 4076 913 4139 in
945 4084 1209 4162 propugnatorum
1234 4073 1342 4149 turba,
1367 4071 1422 4135 ubi
1444 4071 1545 4134 tortis·

527 4198 595 4260 simi
621 4196 797 4260 habuerunt
820 4194 892 4259 belli
917 4195 1082 4259 discrimen
1105 4204 1240 4257 extrema
1262 4214 1326 4275 spo.
1345 4190 1459 4254 Passus
1474 4211 1543 4252 sum

566 4488 590 4547 n
608 4486 671 4535 rto.
691 4486 798 4535 neum.
817 4487 839 4535 a.
943 4486 968 4545 n
987 4484 1049 4533 aar.
1070 4483 1178 4533 neusa.
1197 4481 1235 4531 rr.
