3725 5542
1005 735 1069 794 428

530 928 636 998 adria:
660 949 697 990 ex
720 930 933 994 emendatione
948 932 1114 996 Boeckhii:
1132 933 1245 1008 codex,
1262 955 1300 995 ex
1315 954 1377 1015 quo
1393 954 1429 995 ea
1444 940 1548 995 sumta

530 1052 621 1118 sunt,
653 1043 740 1106 Urat.
774 1046 818 1122 Α,
848 1046 940 1111 habet
962 1051 1102 1126 ὀνομάσαι
1127 1059 1158 1112 et
1180 1056 1337 1124 raperetis.
1385 1046 1474 1128 Quae
1498 1047 1547 1111 vix

530 1159 684 1244 intelligo:
714 1162 773 1225 nisi
803 1157 870 1226 deda
900 1173 1021 1248 putavit
1052 1189 1117 1230 osse
1146 1166 1317 1250 genitivum
1340 1165 1493 1242 activum,
1517 1171 1547 1227 et

529 1275 605 1354 dcxcv
640 1277 813 1364 subjectum
849 1282 933 1346 verbi
964 1285 1144 1364 reposco:
1176 1283 1348 1368 postulasse
1378 1281 1481 1346 Solem
1512 1289 1548 1344 nt

531 1395 676 1459 Lachesis
706 1418 817 1461 manns
848 1401 1042 1480 extenderet,
1073 1411 1104 1466 et
1135 1400 1325 1486 postulasse,
1356 1406 1390 1463 nt
1413 1399 1548 1462 Deorum

528 1513 745 1596 jusjurandum
775 1537 838 1579 non
869 1517 1005 1595 falleret,
1041 1520 1061 1583 i.
1094 1541 1120 1583 e.
1152 1527 1188 1582 ut
1220 1517 1272 1582 Dii
1292 1519 1433 1602 jurarent
1455 1515 1549 1600 idque

528 1630 745 1715 jusjurandum
784 1654 890 1697 verum
921 1645 1010 1699 esset.
1049 1637 1113 1700 Ant
1147 1635 1273 1698 fortasse
1305 1631 1358 1696 ille
1386 1631 1550 1696 scholiasta

532 1746 608 1830 legit
630 1747 707 1818 θεοὺς
730 1748 757 1811 δ’
779 1747 866 1828 ὅρκον.

579 1865 655 1927 121.
689 1871 796 1930 νεῦσαι.
842 1866 948 1954 Hujus
978 1869 1070 1932 etiam
1100 1868 1184 1933 verbi
1215 1867 1388 1952 subjectum
1420 1874 1467 1928 est
1493 1863 1551 1928 La-

532 1980 641 2044 chesis.

580 2099 653 2162 122.
688 2099 717 2170 ἐς
742 2100 840 2177 αἰθέρα
863 2103 1062 2181 πεμφθεῖσαν.
1109 2100 1198 2164 Conf.
1224 2099 1275 2164 Ol.
1300 2099 1398 2164 1137
1424 2099 1550 2176 πέμπειν

532 2215 641 2286 ἀνεκὰς
664 2215 785 2292 ὑψηλόν.

580 2333 653 2394 128.
688 2333 724 2414 ἑᾷ
752 2341 878 2417 κεφαλᾷ
908 2335 1007 2414 γέρως.
1053 2333 1142 2398 conf.
1167 2333 1217 2397 01.
1243 2333 1288 2396 vl
1316 2335 1378 2396 103
1402 2333 1551 2413 τιμὰνὲᾷ

531 2455 664 2532 κεΦᾱλᾷ

580 2567 652 2629 125.
687 2567 783 2642 λόγων
802 2570 937 2649 κορυφαί.
961 2567 1055 2653 Saepe
1071 2570 1180 2648 κορυφὴ
1196 2590 1214 2632 a
1229 2566 1364 2631 Pindaro
1380 2566 1496 2631 dicitnr
1511 2564 1549 2629 de

531 2691 617 2767 parte
629 2685 780 2768 cujusque
790 2686 835 2750 rei
845 2687 1118 2770 praestantissima,
1131 2686 1216 2750 velut
1227 2683 1278 2748 Ol.
1291 2685 1374 2749 121.
1399 2684 1468 2748 Hoc
1479 2683 1547 2747 loco

532 2801 746 2884 significantur
772 2804 857 2880 κύριαι
878 2803 967 2876 elan:
992 2826 1112 2868 summa
1134 2803 1236 2888 capita
1258 2802 1365 2866 eodem
1388 2801 1480 2866 modo
1503 2801 1548 2864 di·

534 2925 611 2981 cunt
632 2917 746 2982 Latini.
782 2919 926 2983 Ceterum
951 2921 982 2984 in
1007 2920 1053 2983 his
1077 2929 1108 2983 et
1127 2919 1326 3003 sequentibus
1343 2918 1467 2983 attende
1482 2938 1550 2980 nar·

535 3035 662 3098 rationis
686 3035 865 3100 brevitatem
888 3048 919 3100 et
942 3039 1139 3121 gramtntem,
1164 3045 1194 3101 et
1217 3037 1320 3101 confer
1342 3033 1549 3120 P5.1x119.

582 3154 657 3216 128.
693 3151 788 3228 :felda
809 3155 941 3220 timiama.
988 3154 1039 3219 Ol.
1063 3155 1116 3219 ΠΙ
1139 3157 1181 3218 43
1205 3153 1309 3230 ὀξείαις
1328 3156 1438 3230 αὐγαῖς
1457 3151 1549 3216 dalem

583 3271 655 3332 129.
690 3271 842 3345 γενέθλιος.
877 3271 986 3340 Potest
1006 3274 1050 3336 ila
1073 3272 1179 3336 referri
1203 3271 1241 3335 ad
1265 3272 1382 3353 ππὴρ,
1407 3279 1442 3333 ut
1459 3268 1550 3353 signi·

533 3389 643 3451 ficetur
673 3397 761 3472 pater
781 3387 952 3466 radiorum,
977 3393 1105 3474 quiens
1130 3397 1284 3476 procreat:
1310 3394 1444 3472 praestat
1466 3386 1550 3450 abso

531 3505 597 3570 lnte
628 3506 747 3570 dictum
778 3515 902 3590 putare,
930 3509 1100 3592 genitorem
1125 3529 1242 3584 rernm,
1265 3515 1421 3570 auctorem
1444 3503 1551 3569 fertili·

532 3624 622 3699 tatis,
646 3623 732 3686 velnt
754 3645 787 3685 vs
813 3625 853 3689 70
877 3634 956 3687 Γαῖα
979 3625 1088 3701 μάτηρ.

580 3743 651 3804 131.
688 3741 760 3804 ἔνθα,
796 3740 881 3804 Ubi?
911 3749 993 3804 certe
1023 3743 1054 3805 in
1087 3741 1188 3804 insula
1211 3739 1330 3803 Rhodo.
1366 3737 1434 3802 Nec
1457 3736 1545 3801 facile

531 3858 593 3921 dici
625 3865 742 3941 potest,
773 3857 928 3940 quomodo
952 3856 1127 3942 Nympham
1152 3855 1294 3920 Rhodum
1319 3855 1416 3920 Poeta
1439 3853 1485 3918 vel
1509 3852 1547 3918 ab

532 3975 636 4039 insula
658 3977 843 4059 separaverit
865 3975 911 4039 vel
936 3975 1128 4060 conjunxerit
1151 3996 1222 4037 cum
1237 3995 1282 4037 ea.
1306 3971 1406 4036 Versu
1422 3970 1547 4056 quidam

532 4095 574 4155 26
599 4093 695 4176 ipsam
718 4093 850 4156 irrsulam
873 4091 950 4155 dicit
973 4091 1052 4155 Solis
1076 4113 1219 4154 uxorem:
1238 4089 1380 4154 hocloco
1397 4089 1430 4153 in
1447 4086 1548 4152 insula

534 4209 641 4273 Rhodo
671 4209 748 4272 dicit
776 4209 865 4273 illum
893 4231 964 4272 cnm
991 4207 1137 4292 Nympha
1160 4205 1269 4270 Rhodo
1293 4207 1410 4270 coiisse.
1458 4203 1547 4268 Gonl.

533 4326 583 4391 Ol.
607 4325 655 4390 VI
682 4330 743 4391 145
767 4335 899 4412 atquae
921 4326 966 4390 ibi
990 4324 1213 4388 annotavimus.

583 4448 654 4509 [aa.
689 4446 768 4509 ἑπτὰ
806 4444 1015 4509 Recensentur
1037 4464 1142 4508 eorum
1165 4444 1290 4508 nomina
1312 4443 1344 4507 in
1367 4441 1492 4506 scholiis
1516 4447 1546 4504 et
