3725 5542
940 736 1006 797 234

458 944 489 997 et
519 958 698 1019 generosam
727 934 801 999 colit
825 934 1003 999 Arcadiam:
1028 934 1098 1011 ille,
1122 958 1141 997 o
1166 935 1210 999 fili
1232 935 1380 1012 Sostrati,
1404 959 1475 1000 cum

361 1057 422 1117 lto
461 1058 545 1137 patre
569 1062 695 1117 tonante
720 1052 810 1117 efficit
836 1060 920 1116 tuam
944 1053 1132 1117 felicitatem.
1179 1053 1406 1139 Cogitationem
1423 1054 1478 1117 ali·

460 1192 552 1255 quam
577 1170 674 1235 habeo
697 1173 729 1235 in
754 1172 860 1256 lingua
883 1172 960 1235 cotis
984 1194 1128 1249 sonorae,
1153 1194 1233 1257 quae
1255 1194 1305 1236 me
1326 1171 1478 1237 volentem

461 1290 589 1353 attrahit
607 1289 763 1355 dulcifluis
780 1290 913 1355 flatibus.
953 1291 1031 1353 Avia
1050 1300 1097 1354 est
1112 1313 1180 1355 mea
1194 1302 1331 1355 matema
1347 1291 1480 1354 florifera

469 1407 610 1493 Metapa,
640 1408 749 1472 fortem
782 1431 861 1494 quae
884 1408 1021 1473 'l'heham
1045 1411 1181 1494 peperit,
1207 1410 1296 1494 cujus
1319 1407 1480 1474 amabilem

464 1549 577 1610 aquam
596 1526 685 1604 hiho,
707 1528 778 1591 viris
795 1526 926 1591 fortibus
942 1536 1068 1591 nectens
1083 1550 1204 1591 carmen
1221 1528 1349 1591 varium.
1373 1525 1483 1590 Excita

366 1646 430 1707 150
467 1666 550 1709 nunc
581 1644 718 1721 sodales,
744 1648 864 1723 Aenea,
891 1645 1024 1730 primum
1048 1656 1085 1711 ut
1105 1646 1261 1710 lunonem
1285 1643 1483 1709 Partheniana

463 1772 593 1827 canant:
630 1763 750 1829 discant
784 1764 914 1843 deinde,
950 1774 1082 1829 veterem
1117 1764 1302 1829 mlumuiam
1337 1786 1377 1829 an
1411 1784 1482 1827 vero

466 1904 605 1947 sermone
635 1884 809 1968 fugiamus,
838 1884 999 1948 Boeotiam
1030 1907 1126 1949 suem.
1172 1883 1215 1947 lla
1244 1884 1325 1947 enim
1349 1882 1482 1947 aruncius

466 2006 583 2077 rectus,
611 2001 786 2066 decentium
814 2002 930 2087 scytale
953 2002 1130 2080 Musarum,
1154 2002 1255 2066 dulcis
1277 2009 1377 2066 crater
1398 2000 1485 2065 clari-

468 2140 612 2183 sonorum
644 2128 802 2185 cantuum.
850 2120 890 2185 Et
918 2120 1042 2185 hortare
1072 2131 1108 2186 ut
1138 2120 1333 2185 meminerint
1358 2120 1487 2205 Syracu·

470 2259 571 2301 sarum
596 2246 627 2301 et
650 2237 813 2323 Ortygiae:
839 2262 931 2324 quam
957 2239 1052 2304 Hiero
1075 2238 1175 2303 nitido
1197 2246 1319 2324 sceptro
1342 2237 1486 2302 adminis-

470 2364 572 2433 trans,
604 2356 721 2441 cptima
751 2366 873 2443 pectore
897 2380 1035 2435 versans,
1059 2358 1223 2421 formosam
1245 2356 1322 2421 colit
1344 2354 1485 2420 Cererem

372 2474 433 2537 160
472 2482 503 2537 et
537 2473 666 2538 illustris
700 2474 780 2539 filiae
815 2476 927 2539 festum
962 2486 993 2540 et
1026 2476 1113 2541 lovis
1145 2476 1275 2541 Aetnaei
1305 2475 1485 2560 potentiam.

472 2591 674 2677 Duleiloquue
697 2594 786 2658 illum
810 2595 890 2680 lyrae
914 2604 1085 2679 cautusque
1108 2601 1291 2679 cognorunt.
1338 2590 1387 2656 Ne
1408 2592 1486 2656 fran-

472 2724 526 2795 gat
548 2710 727 2777 felicitatem
750 2722 870 2799 tempus
893 2714 1052 2799 adrepens.
1100 2712 1179 2779 Cum
1206 2712 1321 2777 blanda
1343 2710 1488 2775 comitate

471 2830 601 2914 Agesiae
635 2831 761 2915 recipiat
785 2834 895 2899 festum
918 2840 1062 2910 cantum,
1086 2831 1241 2895 dedomo
1264 2830 1296 2894 iu
1319 2829 1447 2893 domum
1470 2851 1490 2892 a

472 2947 671 3036 Stymphaliis
695 2953 854 3019 moenibus
872 2952 1101 3045 advenientem,
1119 2959 1248 3015 matrem
1264 2949 1489 3035 relinquentem

375 3070 435 3132 170
474 3066 618 3135 herbosae
655 3071 812 3135 Arcadiae.
862 3070 944 3135 Bene
971 3081 1034 3147 est,
1059 3070 1085 3133 si
1109 3070 1142 3133 iu
1167 3076 1257 3133 nocte
1281 3067 1490 3152 procellosae

471 3214 548 3255 nave
574 3190 666 3255 celeri
696 3190 776 3255 duae
798 3190 950 3253 anchorae
972 3188 1115 3273 alligatae
1137 3196 1221 3251 aunt
1268 3186 1353 3249 Deus
1378 3186 1487 3249 horum

475 3320 506 3374 et
530 3310 653 3374 illorum
676 3308 788 3373 claram
808 3318 921 3372 sortem
941 3316 1076 3391 praestet
1094 3328 1209 3369 amaus.
1245 3304 1356 3369 Rector
1379 3304 1490 3378 maris,

477 3440 508 3493 et
531 3440 566 3493 tu
591 3450 769 3514 prosperum
792 3449 917 3491 cursum
941 3425 982 3489 da
1001 3424 1117 3508 aliaque
1133 3424 1305 3500 aerumnis,
1322 3421 1493 3507 praeclarae

478 3551 589 3636 conjux
613 3546 837 3632 Amphitritae:
863 3566 1060 3628 meorumque
1083 3543 1254 3607 carminum
1268 3541 1361 3605 evehe
1376 3539 1492 3603 laetum

479 3670 593 3733 florem.
