3725 5542
840 726 903 789 375

370 920 483 1000 Ιιυόυας,
514 924 697 1011 cogitatione
721 926 808 1010 quasi
830 928 981 1011 repetitur
1003 950 1072 993 cnm
1097 928 1215 1014 objecto
1237 931 1374 1014 μέγαρον.

367 1035 461 1106 Plane
487 1042 625 1109 similiter
649 1044 702 1130 Py.
728 1044 774 1109 XI
799 1048 838 1108 dl

589 1164 637 1227 Μέ
659 1188 702 1234 τις
726 1162 831 1243 ἄνεμος
854 1164 908 1241 ἔξω
932 1165 1022 1231 πλόου

583 1282 720 1360 ”Edam
742 1288 778 1356 ὥς
802 1283 842 1351 ὅτ“
866 1284 1137 1352 decemuiratus.

367 1396 462 1463 Plena
484 1401 581 1465 oratio
605 1409 650 1465 cst
672 1402 753 1487 apud
782 1402 949 1471 Hesiodum
971 1403 1019 1468 Sc.
1045 1404 1085 1469 H.
1112 1408 1176 1470 421
1213 1445 1223 1472 i

452 1516 557 1597 Ἤροπε
580 1516 603 1583 θ’
626 1521 662 1591 ὥς
685 1518 733 1585 ὅτε
755 1546 799 1591 τις
822 1520 885 1601 δρῦς
909 1523 1006 1602 ἤριπεν
1029 1523 1046 1597 ἣ
1069 1519 1117 1588 ὅτε
1139 1524 1239 1603 πέτρη.

366 1632 508 1700 Ceterum
535 1638 676 1701 convenit
699 1638 881 1723 Euripides,
906 1638 982 1704 Huc.
1008 1643 1072 1704 395

543 1758 627 1821 θαοῑα
649 1758 744 1831 κοοοθς
768 1758 845 1838 δρυὸς
868 1756 944 1831 ὅπως
966 1760 1046 1834 rici?
1068 1758 1180 1839 ἕξομαι.

366 1873 407 1937 Et
429 1874 538 1939 Proad.
566 1878 626 1941 147

586 1993 683 2075 μοθτορρ
706 1995 730 2057 θ’
753 1993 788 2065 ὥς
811 2019 855 2066 τις
879 2002 997 2069 πτανοῖς
1020 1997 1165 2072 κλαγγὰν

585 2112 682 2193 dcccciv
706 2110 781 2184 ὅπως
806 2110 914 2189 ἐξάρξω
939 2111 993 2190 ’γὼ

583 2230 713 2305 μολπάν.

364 2346 442 2413 Cum
466 2348 614 2412 sententia
637 2348 676 2412 cl.
702 2346 821 2425 Cicero,
847 2347 900 2413 Or.
925 2346 1002 2412 XV:
1027 2348 1119 2427 „dam
1144 2370 1213 2413 vero
1229 2371 1279 2428 ca,
1296 2371 1372 2433 qnae

364 2468 487 2552 (orator)
517 2466 684 2545 invenerit,
719 2488 781 2551 qua
809 2465 971 2552 diligentia
1000 2465 1184 2531 collocabit?
1211 2464 1372 2531 Vestibula

363 2585 505 2650 nimirum
538 2585 665 2650 honesto
696 2585 858 2669 aditusque
885 2584 923 2648 ad
947 2606 1070 2649 causum
1092 2585 1183 2649 faciet
1204 2584 1371 2649 illustres.’'

363 2702 403 2768 Et
427 2702 626 2784 Plutarchus,
651 2704 713 2769 Sol.
738 2702 883 2781 XXXII,
907 2704 1071 2790 respiciens
1094 2704 1133 2768 ad
1149 2703 1305 2777 exordium
1321 2704 1372 2769 'Pi-

362 2822 440 2886 maei
470 2821 607 2887 Platonis
639 2822 676 2887 de
708 2822 866 2887 Atlantide
897 2823 1067 2887 secundum
1098 2822 1238 2887 Solonem
1271 2830 1303 2888 et
1330 2824 1368 2887 ad

360 2940 495 3024 ejusdem
518 2940 661 3006 Critiam:
685 2942 808 3022 πρόθυρα
829 2942 883 3015 μὲν
905 2942 1033 3021 walace
1055 2942 1105 3007 καὶ
1128 2942 1296 3021 περιβόλους
1316 2944 1366 3007 καὶ

361 3060 456 3131 αὐλὰς
479 3070 515 3141 τῇ
538 3061 617 3140 ἀρχῇ
640 3060 807 3139 περιέθηκεν.

406 3176 508 3245 Κίονας
532 3176 680 3241 hocloco
704 3177 848 3242 feminino
873 3198 982 3262 genere
1005 3178 1079 3262 poni
1090 3185 1194 3242 monet
1206 3176 1369 3241 scholiasta

360 3302 464 3374 vetus,
490 3304 526 3360 nt
548 3296 638 3361 etiam
662 3296 700 3361 ab
723 3296 857 3360 Homero
882 3294 943 3360 Od.
965 3295 984 3360 I
1008 3299 1049 3359 52

624 3414 687 3495 ἔχει
710 3415 795 3481 θέτε
817 3414 912 3488 κίονας
938 3414 1026 3487 αὐτὸς

426 3534 560 3616 μακρὰς,
585 3530 732 3612 aalysiae
754 3535 858 3599 τεκαὶ
881 3532 994 3613 οὐρανὸν
1017 3532 1117 3612 ἀμφὶς
1140 3532 1268 3613 ἔχουσιν.

358 3650 418 3716 Sed
449 3653 569 3737 saepius
596 3660 642 3717 est
665 3652 746 3738 apud
770 3652 938 3718 Homerum
961 3652 1124 3717 feminino:
1149 3658 1251 3716 tumen
1274 3652 1366 3716 etium

261 3812 266 3819 ·
358 3770 543 3847 masculino,
568 3770 653 3835 uelut
675 3769 734 3836 Od.
760 3770 842 3835 VIII
866 3773 907 3833 66
930 3771 999 3849 πρὸς
1023 3771 1102 3835 κίονα
1121 3771 1228 3851 μακρὸν
1242 3771 1363 3849 ἕρεθοας.

360 3888 451 3974 Apud
482 3888 648 3954 Pindarum
683 3899 729 3954 est
755 3889 935 3953 femininum
959 3888 1009 3956 Ol.
1034 3887 1117 3952 VIII
1140 3890 1182 3952 66
1205 3889 1285 3953 κθουα
1308 3888 1366 3953 θαι-

358 4008 475 4083 μονίαυε
499 4008 552 4091 Py.
578 4008 594 4072 I
618 4010 660 4071 66
684 4012 763 4074 κίονα
788 4011 935 4090 οθρανθαυε
960 4008 1015 4094 Py.
1039 4006 1085 4071 lv
1109 4010 1172 4072 475
1196 4009 1287 4088 θρθαῖς
1309 4006 1366 4071 rud·

357 4151 452 4191 οεοοοε
485 4136 515 4191 et
537 4126 627 4192 Nem.
653 4126 704 4192 III
728 4130 770 4192 66
794 4128 889 4193 uiduus
911 4128 1084 4211 Ἡρακλέος,
1108 4125 1176 4208 ἥρως
1199 4122 1235 4196 ἃς
1258 4126 1363 4200 ἔθηκεν.

358 4244 513 4310 Incertum
536 4268 633 4330 genus
657 4254 702 4310 est
725 4245 775 4310 Ol.
800 4244 835 4309 II
861 4248 922 4309 ltu
946 4244 1070 4327 ἄμαχον
1091 4244 1230 4324 ἀστραβῆ
1252 4245 1341 4307 κθουα.

404 4367 434 4427 4.
465 4364 626 4444 ἀρχομένου
646 4362 670 4429 θ’
686 4364 778 4443 ἔργου.
811 4363 987 4427 Boeckhins
1003 4363 1128 4452 yerbnm
1143 4361 1366 4447 significatione

359 4482 457 4549 media
490 4484 624 4571 positum
659 4491 764 4571 putat,
800 4492 836 4548 ut
866 4483 1028 4564 ἀρχομένου
1055 4482 1145 4561 θέρους
1176 4488 1206 4543 et
1237 4478 1364 4543 similia:
