3725 5542
873 646 889 707 7

759 930 944 997 CAPUT
983 934 1010 997 Ι.

793 1156 841 1201 ma
873 1157 961 1201 nna.

841 1398 911 1480 ai.

578 1603 625 1665 De
640 1601 767 1683 proptio
790 1601 918 1665 Pindari
940 1603 1038 1665 studio
1061 1603 1182 1665 meliora

741 1720 777 1783 de
799 1718 870 1781 Diis
891 1719 1016 1783 dicendi.

414 1950 560 2016 Humana
586 1952 757 2034 antiquitus
782 1952 813 2014 in
839 1949 969 2014 Graecia
991 1958 1099 2035 poetae
1122 1950 1160 2013 ad
1185 1951 1267 2014 Deos
1291 1959 1390 2013 trans·

367 2068 518 2133 tulerunt.
566 2068 738 2133 Potentiam
771 2067 833 2131 illis
864 2069 1010 2153 majorem
1039 2076 1070 2131 et
1099 2068 1262 2151 imperium
1285 2067 1318 2130 in
1341 2088 1388 2129 rea

367 2185 546 2249 mortalium
577 2185 772 2263 tribuebant,
797 2184 933 2249 moribus
957 2207 1029 2248 vero
1053 2193 1084 2248 et
1107 2185 1208 2248 animo
1232 2182 1390 2265 haudqua-

368 2324 462 2385 quam
480 2324 531 2367 eos
547 2302 724 2367 hominibus
740 2302 881 2365 meliores
898 2324 964 2365 esse
980 2302 1145 2365 finxerunt.
1170 2300 1253 2364 Hinc
1266 2300 1387 2384 jurgia,
1431 2354 1438 2364 .

368 2421 451 2497 irae,
483 2419 648 2496 maleficia,
680 2420 751 2484 odia
774 2420 911 2483 Deorum
936 2420 1129 2484 exstiterant.
1176 2418 1293 2482 Verum
1317 2417 1388 2481 Pin·

367 2536 461 2601 darus
483 2559 546 2601 non
570 2546 694 2601 secutus
718 2546 764 2601 est
787 2538 932 2602 traditam
955 2561 974 2601 a
994 2538 1148 2623 prioribus
1164 2538 1333 2613 rationem,
1351 2547 1388 2600 ut

367 2656 483 2739 pariter
502 2678 595 2739 prava
618 2678 758 2740 quaeque
781 2656 819 2719 de
843 2656 911 2720 Diis
934 2678 1057 2721 narrare
1081 2654 1217 2719 auderet.
1247 2653 1386 2729 Pudore,

367 2773 568 2850 verecundia,
593 2774 707 2858 pietate
731 2772 898 2858 perductus
923 2781 969 2837 eat
991 2773 1030 2836 ad
1054 2772 1193 2837 studium
1217 2771 1389 2835 sententiae

368 2891 521 2967 melioris3
546 2892 673 2954 namin
697 2890 773 2969 hae,
799 2912 861 2975 qua
888 2912 1013 2969 sumna,
1038 2891 1158 2975 generis
1182 2889 1310 2953 humani
1334 2889 1389 2952 im·

370 3007 536 3072 bacillitate
567 3031 632 3072 rem
663 3008 787 3072 omnino
819 3009 947 3073 arduam
978 3032 1043 3072 ease
1071 3007 1231 3094 judicabat
1258 3007 1296 3071 de
1320 3007 1388 3070 Diis

369 3125 484 3202 dicere,
520 3148 617 3209 quum
651 3126 828 3209 praesertim
861 3126 908 3190 illi
940 3127 1054 3190 fastum
1085 3134 1116 3189 et
1147 3124 1319 3210 superbiam
1353 3146 1387 3187 aa

370 3243 571 3307 temeritatem
596 3242 757 3307 hominum
779 3265 843 3307 non
867 3244 990 3308 ferrent.
1038 3243 1141 3327 Ipsina
1164 3240 1289 3326 quidem
1313 3241 1388 3305 haec

369 3358 462 3424 veeba
484 3368 574 3424 sunt:

657 3478 746 3542 Ἔστι
770 3476 794 3540 δ’
817 3476 894 3557 ἀνδρὶ
918 3474 1023 3557 &aim

657 3594 745 3664 ἐοικὸς
766 3593 850 3675 ἀμφὶ
874 3593 1015 3671 δαιμόνων
1035 3618 1088 3657 aa·

659 3712 711 3775 aa·
736 3710 823 3780 usta
846 3711 905 3790 aaa
929 3711 1014 3775 aeta
1027 3711 1061 3793 Ι).

368 3828 460 3891 Decet
481 3827 622 3891 homiaem
645 3829 740 3891 dicere
761 3830 796 3891 de
819 3829 891 3892 Dite
906 3829 1035 3910 palera:
1058 3827 1101 3890 eie
1119 3827 1214 3889 minor
1229 3827 1317 3907 calpa
1332 3831 1384 3888 eat.

367 3944 492 4024 Quibus
524 3944 629 4028 paucis
656 3943 756 4008 verbis
780 3945 933 4008 sententia
956 3946 1022 4030 ejus
1045 3944 1161 4030 optime
1183 3941 1385 4027 intelligitur:

366 4084 437 4125 nam
469 4083 566 4145 quum
596 4061 696 4138 dicat,
721 4060 764 4123 eie
786 4062 938 4125 minorem
960 4061 1084 4147 eulpam
1108 4083 1191 4137 ease,
1216 4060 1385 4145 significat,

366 4188 468 4243 tamen
499 4178 588 4242 facile
619 4201 684 4243 essa
715 4178 862 4264 peccandi
890 4178 993 4243 locum
1017 4187 1048 4243 et
1071 4201 1172 4243 errore
1195 4177 1319 4262 cuipam
1342 4178 1387 4241 in-

402 4376 426 4435 1)
445 4377 483 4428 01.
501 4378 523 4427 Ι.
542 4379 581 4426 te.
