3725 5542
844 735 907 796 283

363 935 484 1019 Pelopis
516 935 663 1019 gloriam,
699 936 839 1019 quamvis
871 934 1032 1018 Olympiae
1063 934 1279 1007 domesticam,
1315 956 1378 997 non

362 1048 406 1111 ita
429 1047 545 1127 lucore,
572 1058 607 1111 ut
631 1048 806 1133 Olympiam
831 1049 1014 1113 veniendum
1037 1050 1079 1112 sit
1094 1072 1161 1113 eam
1179 1049 1380 1135 adspectura,

361 1165 413 1229 sed
439 1166 547 1250 quovis
571 1189 636 1230 esse
660 1167 828 1251 dispersam
852 1168 926 1231 facis
944 1168 1054 1245 instar,
1079 1190 1158 1253 quse
1174 1190 1191 1232 e
1206 1167 1377 1253 longinquo

360 1284 579 1368 conspiciatur.

409 1406 482 1466 155.
527 1402 659 1484 ἐρίζεται.
706 1403 974 1484 Quemadmodum
1011 1413 1057 1468 est
1091 1404 1172 1489 apud
1207 1404 1377 1469 Homerum

361 1520 518 1603 Ἀφροδίτῃ
540 1522 651 1591 καλλος
674 1522 770 1604 ἐρίζειν
793 1523 831 1587 Il.
856 1522 904 1587 IX
928 1525 1013 1599 389,
1043 1522 1082 1586 de
1105 1523 1215 1601 forma,
1241 1523 1260 1586 i.
1286 1546 1312 1586 e.
1339 1522 1377 1587 de

362 1639 537 1724 principatu
556 1640 670 1705 formae
689 1649 804 1705 certare
824 1662 894 1705 cum
910 1640 1045 1718 Venere,
1062 1650 1093 1703 et
1107 1638 1267 1720 ὶίανιίτρσι
1284 1640 1377 1718 δέραας

362 1758 411 1823 καί
430 1754 503 1830 εἶδος
522 1758 617 1841 ἐρίζειν
633 1757 693 1823 Od.
710 1758 740 1821 V
756 1762 836 1837 218,
853 1760 897 1823 sic
912 1759 1086 1823 existimare
1103 1759 1215 1843 possis,
1236 1758 1377 1823 hocloco

361 1875 482 1957 ἐρίζεται
513 1877 585 1960 poni
615 1878 751 1961 passive:
782 1878 820 1941 de
847 1875 1018 1953 celeritate,
1042 1877 1063 1939 i.
1088 1898 1114 1939 e.
1140 1876 1178 1939 de
1202 1876 1378 1961 principatu

361 1995 526 2059 celeritatis
549 2004 693 2060 certatur.
726 1994 792 2060 Nec
813 2004 915 2060 tamen
932 1996 1018 2060 aliud
1036 1996 1129 2080 hujus
1144 1996 1264 2079 generis
1281 2017 1378 2059 exem·

362 2113 448 2197 plum
472 2115 553 2178 novi.
587 2113 701 2179 Verum
725 2114 832 2179 eodem
855 2114 947 2179 modo
971 2112 1171 2200 explicandus
1195 2113 1255 2177 erit
1273 2134 1377 2177 versus

361 2254 508 2317 sequena,
527 2234 626 2308 νίκααί
640 2233 669 2297 τ’
684 2231 787 2314 lexiter
803 2230 984 2314 lpocdrrovor:
1002 2253 1161 2316 quumque
1177 2232 1209 2294 in
1225 2231 1376 2315 adjectivo

361 2348 528 2429 θρασύπονοι
544 2350 618 2414 insit
634 2351 817 2435 significatio
829 2350 994 2436 ejusmodi,
1008 2371 1170 2434 quaecum
1182 2350 1303 2413 actione
1314 2371 1377 2412 oer-

362 2467 484 2531 taminis
505 2476 535 2531 et
552 2468 773 2546 contentionis,
790 2490 854 2532 non
869 2490 940 2532 cnm
956 2490 1007 2544 eo,
1024 2467 1061 2533 de
1078 2489 1140 2551 quo
1156 2466 1375 2543 contendatur,

362 2585 539 2663 conveniat,
564 2586 730 2670 rejicienda
753 2587 875 2651 videtur
897 2608 933 2651 ea
952 2585 1131 2671 explicatio,
1153 2593 1184 2648 et
1199 2584 1376 2649 habendum

361 2712 408 2767 ast
421 2702 544 2785 ἐρίζεται
557 2705 682 2770 verbum
695 2705 828 2770 medium
843 2706 959 2769 activae
970 2704 1212 2789 significationis.
1229 2702 1377 2767 Similiter

361 2820 439 2888 Isth.
450 2820 477 2881 V
490 2824 510 2885 l
523 2820 678 2903 ἐριζόμεναι
695 2828 772 2899 vater,
787 2822 913 2888 Hesiod.
927 2822 1044 2907 Theog.
1059 2824 1123 2886 534
1136 2820 1239 2902 ἐρίζετο
1250 2820 1374 2898 cosme.

409 2942 481 3004 156.
516 2940 611 3017 arpa>
642 2941 753 3021 ἰσχύες.
793 2940 865 3005 Non
896 2948 942 3005 est
965 2962 1085 3004 summa
1107 2938 1272 3017 fortitudo,
1297 2959 1376 3022 quae

360 3064 493 3141 praestet
517 3058 603 3137 aliis,
627 3058 681 3123 sed
705 3081 784 3144 quae
807 3082 840 3124 se
863 3064 989 3145 superet
1011 3058 1090 3142 ipsa:
1117 3079 1195 3141 quae
1219 3065 1303 3121 tanta
1320 3056 1376 3134 sit,

362 3183 398 3239 ut
420 3176 517 3261 major
540 3198 605 3241 esse
628 3198 691 3241 non
715 3178 823 3262 possit.

409 3294 482 3358 157.
517 3292 652 3358 Transiit
682 3294 794 3373 Poeta,
827 3306 993 3383 postquam
1015 3299 1139 3385 Pelopis
1164 3300 1225 3363 vivi
1248 3299 1377 3384 gloriam

362 3418 392 3473 et
420 3410 576 3475 fortunam
608 3412 762 3493 laudavit,
787 3414 826 3478 ad
850 3415 988 3500 ejusdem
1012 3418 1127 3482 mortui
1150 3418 1299 3483 honores:
1324 3419 1378 3503 qui

362 3551 458 3613 quum
489 3538 591 3595 essent
621 3528 782 3617 Olympiae
814 3533 992 3613 domestici,
1024 3536 1063 3599 ad
1095 3536 1192 3621 ipsam
1216 3536 1377 3623 Olympiae

361 3646 500 3725 laudem,
526 3670 618 3733 quam
641 3650 731 3716 initio
747 3653 890 3716 carminis
907 3653 1112 3737 praedicavit,
1136 3654 1229 3719 rediit
1245 3677 1278 3718 vs
1298 3659 1376 3720 154:

357 3765 420 3850 jam
444 3768 578 3851 cujusvis
602 3768 643 3832 ibi
667 3778 772 3853 partae
797 3772 942 3836 victoriae
964 3774 1185 3857 praestantiam
1206 3775 1376 3858 praedicat,

361 3882 515 3975 rediturus
546 3908 632 3964 mox,
670 3909 703 3949 vs
739 3890 819 3966 lea,
855 3889 894 3953 ad
926 3890 1030 3975 ipsum
1063 3890 1239 3956 Hieronem.
1276 3892 1376 3974 Ἀμφὶ

360 4023 449 4085 saepe
481 4001 518 4065 de
551 4011 686 4087 tempore
710 4006 753 4069 rei
776 4016 880 4089 gestae
904 4008 1049 4092 ponitur,
1074 4010 1157 4073 velut
1181 4011 1292 4075 Aesch.
1317 4013 1377 4095 Ag.

362 4120 425 4181 835
448 4120 532 4202 ἀμφὶ
556 4118 705 4185 Πλειάδων
728 4122 823 4207 δύσιν,
857 4126 974 4202 rarius,
999 4132 1036 4190 ut
1059 4127 1226 4206 hocloco,
1251 4128 1289 4193 de
1313 4152 1379 4215 per·

362 4244 455 4321 petuo
480 4238 624 4323 temporis
648 4240 763 4325 spatio:
789 4250 891 4306 tamen
916 4244 1009 4308 etiam
1033 4243 1083 4308 Ol.
1108 4245 1143 4309 ΙΙ
1168 4249 1225 4324 55,
1246 4248 1295 4311 τὸν
1314 4245 1378 4312 ὅλον

362 4355 445 4436 ἀμφὶ
475 4356 585 4434 χρόνον.
624 4358 720 4429 Bienor
751 4366 798 4422 est
820 4360 841 4423 i.
865 4384 895 4446 q.
919 4360 1002 4438 βίας,
1028 4370 1064 4425 ut
1085 4386 1194 4449 saepe,
1218 4364 1303 4428 velut
1325 4363 1376 4427 01.

363 4470 397 4535 Π
423 4470 662 4550 54,H0m.11.
688 4474 752 4540 VII
777 4480 859 4559 104,
888 4479 999 4543 Aesch.
1024 4478 1107 4545 Pers.
1133 4481 1208 4545 360.
