3725 5542
1025 716 1089 777 558

548 916 695 979 invenire.
730 914 846 978 Verum
870 922 945 977 sunt
967 936 1070 997 preces
1094 938 1149 1000 pro
1172 924 1263 1001 gente
1289 916 1571 1003 Oligaetlridnmm.

548 1038 657 1111 ΚοῖνΦνν
689 1032 774 1103 aller
803 1031 917 1096 habent
948 1032 1096 1116 agilitatis
1129 1040 1160 1096 et
1192 1033 1348 1099 facilitatis
1372 1038 1573 1119 significatio-

549 1171 636 1213 nem:
667 1150 831 1213 celeritatis
861 1148 987 1233 qnidam
1021 1148 1115 1234 Soph.
1141 1152 1214 1215 Ant.
1239 1154 1306 1215 224
1327 1158 1435 1223 κοῦφον
1459 1154 1572 1233 ἐξέρα.-

549 1266 637 1332 xlta
682 1265 772 1330 Cous.
796 1265 836 1329 ad
859 1264 909 1329 Ol.
935 1264 1013 1329 xlv
1036 1268 1090 1330 24.
1125 1266 1280 1333 Ἐννεῦσνν
1297 1278 1400 1335 sutem
1416 1282 1463 1333 ast
1478 1276 1570 1356 qnasi

550 1407 567 1448 e
578 1385 656 1449 mari
666 1384 876 1469 fluctibusque
886 1383 1038 1447 malornm
1050 1384 1176 1449 evadere
1186 1385 1267 1470 spnd
1276 1384 1384 1473 Eurip.
1394 1387 1491 1473 Hipp.
1501 1394 1543 1455 47
1548 1394 1569 1452 0

918 1503 948 1572 ἐς
970 1502 1001 1565 δὲ
1022 1502 1074 1575 ‘riri
1096 1503 1194 1582 τύχην

698 1622 818 1684 πεσεῖν’
838 1616 907 1693 ὕννιν
928 1620 984 1697 σὺ,
1007 1624 1069 1691 πῶς
1091 1618 1280 1685 dalmairaci
1303 1620 1410 1699 ἂνεῖη

547 1746 580 1803 et
603 1740 665 1803 817

700 1860 796 1919 κακῶν
817 1854 842 1917 ἲ
863 1854 878 1917 ὅ
899 1854 1025 1931 τλάμων
1047 1854 1181 1933 πέλαγος
1205 1856 1300 1935 εἰσορῶ

699 1978 850 2053 τοσοῦτον,
873 1970 950 2036 ὥστε
967 1972 1079 2048 palm*
1101 1973 1235 2037 ἐκνεῦσαι
1259 1972 1360 2038 πάλιν.

547 2094 614 2175 Age
642 2111 728 2153 vero:
752 2111 828 2153 num
850 2087 1066 2172 Oligaethidae
1089 2088 1316 2154 calamitatibus
1339 2090 1570 2156 circumventi?

546 2208 615 2273 Imo
655 2215 743 2271 mota
772 2205 900 2269 laudum
929 2206 1127 2271 maximarum
1159 2207 1259 2271 ornati
1291 2206 1499 2285 abundantia,
1532 2222 1571 2273 nt

547 2325 725 2390 viderentur
753 2322 844 2388 obrui
875 2344 982 2407 posse,
1015 2344 1071 2386 nec
1101 2322 1220 2387 laetitia
1250 2346 1305 2409 per
1330 2327 1568 2409 temperant‘nm

546 2444 619 2508 nni.
654 2444 758 2526 Atque
780 2440 840 2504 hoc
861 2447 1020 2526 precatur,
1045 2446 1081 2503 nt
1106 2450 1292 2525 cognossent
1307 2464 1340 2505 sc
1355 2442 1457 2527 ipsos,
1473 2447 1570 2529 cujus

547 2560 640 2624 sortis
667 2559 747 2636 sint,
772 2579 829 2621 nec
850 2556 955 2621 obruti
978 2558 1031 2621 sed
1054 2559 1151 2622 evecti
1175 2581 1230 2644 per
1251 2558 1511 2643 tranquillitatem
1537 2574 1569 2627 et

463 2740 471 2753 ,
547 2676 767 2741 continentiam
793 2675 911 2759 optima
932 2673 1056 2738 demum
1079 2674 1235 2739 felicitatis
1258 2676 1421 2741 dulcedine
1445 2679 1569 2762 perfru-

548 2800 661 2860 antur:'
680 2793 739 2857 hoc
761 2801 808 2855 cat
830 2791 910 2855 illud
933 2790 1019 2870 ἄκρον
1040 2794 1118 2857 ἑλεῖν
1140 2792 1247 2874 dccxi
1270 2818 1305 2858 τε
1327 2794 1480 2872 aduectas:
1507 2796 1567 2862 Pr.

548 2912 596 2977 XI
620 2916 673 2975 84.
704 2910 843 2974 Multum
866 2931 940 2973 sane
963 2910 1091 2974 interest
1114 2911 1195 2975 inter
1216 2918 1352 2975 nostram
1376 2915 1566 2977 sententiam

547 3040 579 3095 et
608 3028 817 3105 Boeckhium,
849 3027 963 3112 pedum
993 3027 1149 3092 levitatem
1180 3027 1219 3093 ad
1242 3030 1371 3093 victores
1394 3028 1465 3093 ideo
1488 3031 1568 3095 refe

545 3158 681 3225 rentem,
716 3147 791 3231 qnia
824 3144 976 3209 currendo
1010 3146 1220 3231 praestiterint
1251 3154 1282 3209 et
1313 3147 1447 3231 praemia
1477 3150 1566 3213 nacti

546 3267 618 3331 siut
664 3262 725 3327 Sed
759 3272 842 3327 recte
874 3260 1088 3345 ngelsbaclr‚
1121 3261 1304 3327 Nachllom.
1336 3284 1367 3347 p.
1399 3266 1485 3339 213,
1518 3288 1567 3329 os

544 3383 663 3460 tendit,
695 3380 850 3466 quomodo
880 3380 923 3464 pii
954 3379 1063 3443 Graeci
1094 3379 1236 3464 precibus
1266 3382 1330 3445 suis
1360 3402 1421 3444 non
1445 3392 1563 3448 sortem

545 3512 666 3568 tantum
697 3520 785 3563 suam
815 3519 920 3561 rerum
951 3496 1043 3561 etiam
1074 3498 1211 3561 animum
1237 3496 1464 3561 commendasse
1494 3498 1566 3563 Diis

545 3619 724 3695 rideantur,
746 3618 780 3681 in
802 3615 860 3679 hac
882 3635 1007 3699 qnoque
1029 3636 1062 3678 re
1085 3636 1147 3679 non
1171 3615 1236 3679 sois
1258 3614 1375 3679 viribus
1398 3616 1480 3679 freti.

958 3884 1149 3896 n*

891 4084 1090 4151 OLYMPIA
1117 4082 1205 4150 XIV.

589 4326 767 4394 &eunom
789 4323 969 4391 scholiastas
989 4322 1064 4387 haec
1080 4321 1207 4387 victoria
1222 4328 1378 4405 reportata
1390 4328 1437 4383 ast
1454 4318 1572 4405 Olyn—
1668 4356 1669 4369 κ

545 4446 635 4535 piade
665 4442 817 4511 LXXVI:
855 4441 939 4527 quod
970 4443 1014 4505 ita
1043 4439 1233 4525 sequendum
1266 4438 1426 4516 mimimo,
1460 4456 1497 4501 ut
1533 4462 1574 4507 es
