3725 5542
850 728 912 790 237

373 953 441 995 rum
473 928 503 993 id
532 928 619 994 illum
643 929 741 993 lacere
764 950 826 993 uon
851 928 939 993 sivit:
964 928 1215 1013 quandoquidem
1240 928 1322 991 intra
1344 950 1391 993 ca·

373 1072 448 1115 num
472 1070 554 1113 mare
578 1047 658 1112 dixit
680 1056 776 1111 semet
798 1047 901 1131 ipsum
925 1046 1039 1111 vidisse
1063 1046 1191 1112 cfundo
1207 1055 1391 1111 crescentem

373 1167 502 1231 fertilem
526 1173 638 1231 terram
662 1166 839 1230 hominibus
860 1174 891 1229 et
910 1164 1073 1249 benignam
1096 1167 1267 1251 pecoribus.
1292 1167 1311 1230 J
1315 1167 1392 1230 ussit

373 1284 520 1349 continuo
552 1284 687 1349 vinctam
719 1284 818 1349 crines
851 1305 925 1348 auro
957 1283 1108 1348 Lachesin
1132 1284 1242 1349 tollere
1264 1308 1389 1364 manus,

374 1403 571 1488 Deorumquc
594 1426 739 1490 magnum
763 1425 825 1467 non
854 1402 960 1467 fellere
982 1403 1218 1488 jusjurandum,
1244 1404 1296 1467 sed
1321 1426 1391 1468 cum
1430 1407 1490 1468 120

374 1520 498 1586 Saturni
532 1521 596 1585 filio
632 1536 783 1599 annuere,
820 1522 905 1587 illam
935 1522 967 1587 in
1000 1522 1117 1586 clarum
1152 1529 1221 1586 a'e'ra
1250 1523 1390 1587 emissam

374 1663 430 1704 suo
454 1654 561 1725 postea
584 1642 679 1727 capiti
703 1640 765 1705 iore
790 1641 1001 1725 honoremque
1020 1663 1207 1725 munusque.
1238 1641 1392 1705 Eventum

375 1758 508 1824 habuere
531 1781 702 1824 sermonum
728 1759 865 1823 eulmina
888 1759 919 1822 in
940 1759 1099 1823 veritatem
1120 1758 1269 1823 cadentia.
1301 1759 1391 1823 llfflo·

373 1878 435 1942 ruit
458 1900 495 1943 ex
518 1879 595 1943 mari
618 1878 747 1943 humido
769 1878 889 1943 insula:
919 1876 1075 1962 habetque
1100 1876 1184 1942 illam
1208 1879 1323 1942 acrium
1347 1901 1392 1942 ra

373 1994 493 2060 diorum
514 2004 600 2082 pater
619 2004 807 2081 procreator,
829 1998 930 2081 ignem
949 1996 1132 2080 spirantium
1151 1996 1213 2059 dux
1233 2018 1391 2080 equorum.
1431 1999 1491 2060 130

372 2113 421 2179 Ibi
446 2135 513 2179 cum
539 2114 650 2181 Rhodo
673 2114 839 2201 aliquando
863 2115 938 2180 coiit
961 2123 992 2179 et
1016 2125 1134 2200 septem
1155 2115 1272 2200 peperit
1293 2114 1390 2192 lilios,

373 2234 426 2319 qui
460 2234 631 2318 priscorum
663 2236 796 2299 virorum
830 2240 929 2299 aetate
960 2234 1202 2319 sapientissimus
1226 2235 1392 2299 sententias

374 2362 574 2443 acceperuut:
607 2376 739 2438 quorum
769 2376 851 2417 unus
882 2352 1038 2417 Camirum
1072 2360 1103 2416 ct
1125 2359 1203 2417 natn
1226 2353 1392 2417 maximum

372 2469 511 2555 Jalysum
530 2472 648 2557 peperit
670 2480 700 2536 et
714 2470 862 2536 Lindum.
899 2470 1043 2535 Seorsum
1064 2470 1215 2549 habuere,
1237 2471 1392 2557 tripartito

373 2600 454 2654 terra
483 2588 597 2667 divisa,
630 2598 788 2675 paternam
819 2589 942 2655 urbium
977 2598 1110 2675 partem:
1144 2598 1175 2655 et
1198 2590 1237 2655 ab
1267 2590 1389 2655 illorum
1431 2593 1491 2653 140

373 2708 551 2773 nominibus
574 2707 661 2773 sedes
684 2710 858 2773 nominatae
882 2717 966 2773 sunt.
1000 2706 1048 2773 Ibi
1065 2710 1275 2794 compensatio
1292 2708 1391 2773 dulcis

373 2827 563 2891 miserandae
587 2827 768 2893 calamitatis
792 2826 971 2912 Tlepolemo
994 2828 1144 2891 statuitur
1160 2826 1391 2913 Tirynthioruru

373 2947 444 3010 duci
475 2946 557 3010 sicut
587 2945 662 3024 deo,
695 2947 798 3011 ovium
822 2968 935 3033 pompa
958 2946 1110 3030 nidorque
1133 2955 1164 3011 et
1184 2946 1336 3032 judicium
1359 2946 1391 3010 iu

372 3064 602 3129 certaminibus.
650 3064 791 3144 Quorum
823 3066 951 3130 floribus
982 3065 1133 3151 Diagoras
1156 3073 1320 3130 coronatus
1344 3072 1391 3128 eat

372 3182 436 3247 bis:
467 3192 497 3247 et
528 3184 560 3248 in
585 3182 704 3248 Isthmo
727 3183 860 3269 glorioso
884 3192 993 3270 quater
1016 3185 1171 3250 fortunam
1195 3192 1304 3248 nactus
1327 3183 1392 3247 fau·

372 3303 497 3380 tricem,
529 3301 725 3388 Nemeaeque
754 3304 845 3369 aliam
868 3312 939 3389 post
962 3303 1052 3369 aliam
1078 3303 1237 3368 uictoriam
1261 3301 1389 3379 habuit,
1429 3304 1491 3363 150
1588 3304 1592 3313 ‘

372 3432 403 3488 et
437 3424 552 3488 saxosis
585 3424 725 3488 Athenis.
773 3422 814 3487 Et
846 3445 897 3487 aas
931 3422 1081 3508 Argivum
1112 3422 1199 3485 novit
1224 3421 1332 3496 illum,
1361 3428 1392 3485 et

372 3563 463 3626 opera
492 3543 525 3606 in
550 3541 681 3606 Arcadia
705 3550 735 3607 et
757 3540 886 3620 Thebis,
910 3550 942 3605 et
964 3540 1131 3605 certamina
1154 3539 1292 3624 legitima
1314 3537 1392 3601 Boe-

372 3661 451 3725 otia:
485 3662 620 3750 Aeginaff,
653 3668 684 3725 et
713 3659 839 3749 Pellene
871 3659 1017 3724 victorem
1048 3658 1163 3723 sexies:
1195 3680 1252 3721 nec
1279 3657 1390 3721 samam

371 3778 521 3844 diversam
545 3779 678 3865 Megaris
703 3778 823 3864 lapidea
845 3777 970 3842 decreta
992 3776 1116 3842 habent.
1153 3775 1268 3840 Verum
1293 3797 1312 3838 o
1334 3775 1387 3839 Ju-

370 3898 450 3983 piter
480 3906 584 3983 pater,
617 3898 670 3981 qui
700 3918 809 3981 regnas
839 3896 872 3960 in
892 3896 978 3981 jugis
1003 3893 1163 3979 Atabyrii,
1187 3895 1305 3958 honora
1327 3916 1390 3957 car·
1427 3896 1488 3955 100

369 4016 461 4081 minis
492 4017 587 4081 ritum
617 4016 655 4079 de
686 4015 813 4079 victoria
835 4012 1014 4100 Olympica,
1038 4014 1200 4097 virumque
1224 4012 1279 4097 qui
1302 4012 1390 4097 pugi-

370 4134 435 4199 latu
467 4134 590 4200 laudem
621 4134 757 4198 invenit:
789 4133 831 4197 da
852 4132 899 4197 illi
921 4129 1120 4197 reverendam
1144 4131 1293 4217 gratiam,
1317 4137 1390 4194 eta

369 4253 488 4318 civibus
523 4263 554 4318 et
588 4276 606 4317 a
639 4252 826 4338 peregrinis:
860 4249 1111 4336 quandoquidem
1147 4272 1200 4334 per
1234 4249 1389 4313 inimicam

370 4371 530 4457 superbiae
553 4372 632 4435 viem
655 4378 739 4435 recta
763 4370 896 4447 incedit,
913 4367 1086 4434 luculenter
1101 4366 1293 4451 intelligens,
1310 4388 1389 4449 quae

370 4490 415 4555 illi
456 4499 577 4576 patrum
612 4497 730 4554 mentes
766 4497 865 4553 rectae
900 4488 1052 4553 honorum
1088 4485 1268 4549 vaticinatas
1303 4492 1385 4548 sunt.
1425 4485 1487 4548 17⁰
