3725 5542
835 712 896 771 tat.

362 911 449 983 alric
473 914 486 977 t
509 918 629 989 Ψαῦμις
652 912 749 982 πολιὸς
772 907 804 985 ἦν
826 911 875 975 καὶ
899 905 953 975 οἷον
972 909 1132 988 προπόλιος.
1170 907 1262 989 Quod
1280 909 1371 992 longe

363 1050 447 1093 seona
478 1052 543 1093 esee
574 1030 723 1095 existimo.
772 1029 812 1092 Et
842 1028 940 1093 effieio
969 1027 1092 1111 quidem
1117 1027 1246 1091 manime
1271 1049 1287 1089 e
1310 1049 1372 1089 aar·

261 1185 263 1193 ·
363 1148 454 1211 minis
478 1148 506 1208 V
530 1172 562 1211 va
588 1151 645 1223 51,
669 1147 863 1213 Psaumidem
887 1148 982 1211 luisse
1001 1148 1065 1231 jam
1089 1152 1187 1209 aetate
1210 1155 1366 1229 proveeta:

365 1287 467 1330 varum
491 1267 522 1331 in
547 1289 582 1330 eo
606 1267 682 1331 nihil
706 1290 785 1343 esse,
810 1265 891 1350 quod
915 1265 963 1328 vel
987 1276 1065 1327 esset
1089 1264 1190 1349 ipaum
1211 1262 1368 1339 mirabile,

365 1384 411 1447 vel
446 1384 501 1448 hae
535 1383 573 1448 de
607 1384 722 1469 Ergino
756 1384 927 1448 narratione
959 1382 1171 1467 explioaretnr.
1218 1380 1371 1445 Laudavit

364 1502 460 1567 Poeta
490 1503 663 1569 Psaumidis
693 1504 838 1569 virtutae:
872 1502 1050 1578 affirmavit,
1083 1525 1116 1565 ae
1147 1523 1208 1565 non
1239 1500 1371 1564 mentiri.

365 1621 492 1706 Saepius
517 1623 666 1707 ejusmodi
689 1622 887 1687 affirmatione
913 1622 1028 1686 utitur:
1054 1619 1139 1684 velut
1162 1617 1212 1683 Ol.
1236 1619 1271 1683 II
1295 1622 1371 1695 166,

366 1739 416 1805 Ol.
440 1740 486 1803 VI
510 1744 570 1818 34,
594 1741 644 1805 Ol.
669 1740 752 1805 XIII
778 1744 856 1806 140:
878 1739 991 1825 quibus
1009 1740 1084 1804 loeis
1104 1739 1152 1803 vel
1168 1738 1372 1824 jurisjurandi

366 1858 456 1924 fidem
484 1860 636 1946 proponit.
683 1858 752 1923 Hoe
775 1868 877 1925 autem
901 1859 969 1924 loeo
992 1859 1024 1922 in
1048 1858 1247 1923 affirmatione
1270 1856 1374 1922 lauda·

365 1978 458 2042 tionis
486 1988 629 2063 provocat
656 1978 694 2041 ad
723 1978 956 2063 experientiam,
984 1985 1121 2062 spectata
1142 1976 1230 2040 laetis
1254 1982 1285 2039 et
1308 1997 1375 2060 pro-

367 2096 437 2161 bata
462 2095 657 2161 Paaumidem
681 2097 904 2161 existimatione
928 2104 959 2159 et
981 2096 1062 2160 fama
1083 2096 1146 2159 frui
1168 2094 1369 2160 contendens:

366 2223 397 2279 et
420 2214 524 2300 adjicit
547 2215 689 2279 festivum
712 2224 743 2278 et
765 2236 858 2279 suave
881 2214 989 2298 Ergini
1012 2214 1202 2299 exemplum,
1225 2222 1261 2277 ut
1276 2221 1375 2276 oeten·

366 2334 436 2410 dat,
461 2356 526 2399 eam
549 2333 670 2399 landem
695 2356 760 2399 esse
783 2341 895 2399 oertam
919 2342 1012 2418 atque
1035 2340 1195 2409 testatam,
1225 2354 1303 2416 quae
1327 2354 1375 2395 ex·

367 2454 532 2537 perientiae
555 2452 614 2518 fide
637 2454 770 2529 nitetur,
795 2475 924 2535 eaeque,
949 2474 1026 2536 quaa
1049 2451 1088 2515 de
1111 2450 1276 2515 Paanmide
1292 2472 1376 2535 prae·

367 2570 493 2647 dicavit,
517 2578 580 2633 tam
603 2593 687 2635 verae
712 2594 775 2635 ease
796 2570 916 2648 landes,
934 2591 1026 2655 quam
1041 2592 1143 2634 veram
1158 2569 1251 2633 fuisse
1267 2568 1373 2653 Ergini

368 2691 510 2754 virtutem
532 2712 622 2775 opere
646 2700 676 2754 ot
699 2691 863 2755 certamine
886 2690 1038 2776 apperuit.
1070 2688 1231 2755 Contraria
1253 2688 1373 2773 Ulyasis

367 2809 518 2873 sententia
540 2816 587 2873 eat
609 2810 691 2894 apud
714 2808 913 2895 Sophoclem,
938 2807 1069 2872 Philoot.
1091 2810 1152 2884 96,
1170 2806 1373 2891 Neoptolemo

368 2927 513 2991 dicentis:

500 3049 600 3113 ἐσθλοῦ
624 3048 732 3126 πατρὸς
755 3054 830 3119 παῖ.
855 3047 962 3119 καύτὸς
987 3046 1023 3111 ὢν
1046 3044 1104 3117 νέος
1127 3045 1197 3109 ποτὲ

501 3172 639 3241 γλῶσσαν
661 3168 714 3241 μὲν
736 3164 843 3245 ἀργὸν,
866 3172 955 3245 χεῖρα
977 3164 1001 3228 δ’
1023 3160 1104 3244 εἶχον
1127 3163 1262 3240 ἐργάτιν·

502 3291 549 3349 νῦν
572 3284 597 3348 δ’
621 3285 659 3354 εἷς
683 3283 809 3365 ἔλεγχον
832 3280 910 3359 ἐξιὼν
932 3284 982 3363 ὁρῶ
1004 3283 1116 3362 βροτοῖς

505 3404 556 3477 τὴν
579 3408 719 3480 γλῶσσαν
741 3401 808 3482 οὐχὶ
831 3402 932 3481 τᾶργα
955 3399 1038 3466 πάνθ’
1063 3400 1232 3478 ἡγουμένην.

370 3520 527 3586 voeabula
551 3528 653 3585 autem
675 3522 802 3602 ἔλεγχος
827 3542 952 3605 prorsus
972 3520 1112 3585 similiter
1127 3519 1262 3583 Pindaro
1278 3519 1378 3583 utitur

371 3640 549 3727 Emipidea,
575 3641 642 3706 Ale.
668 3644 731 3705 tto

548 3758 657 3835 ἔδειξας
680 3763 719 3832 εἰς
743 3760 871 3841 ἔλεγχον
893 3758 1013 3837 ἐξελθὼν
1035 3757 1064 3831 ὃς
1088 3755 1122 3825 εἷ.

417 3880 468 3942 38.
503 3886 599 3959 χεῖρες
630 3878 659 3942 δὲ
689 3880 738 3945 ael
770 3874 835 3959 ἦτορ
865 3880 932 3944 ἴσον.
969 3878 1081 3942 Manna
1108 3898 1191 3942 meae
1214 3898 1378 3960 meumque
1454 3935 1457 3948 ,

373 4010 477 4079 peetus
508 4004 581 4061 eunt
612 3996 723 4061 similia
747 3996 774 4059 ei
798 3996 910 4082 pedum
932 3995 1099 4072 celeritati,
1123 4017 1214 4079 qnam
1239 3993 1376 4059 ostendi:

372 4122 522 4197 quantum
544 4112 675 4199 pedibus
698 4114 848 4179 currendo
871 4114 974 4192 valeo,
998 4122 1120 4179 tantum
1137 4113 1221 4177 valeo
1236 4112 1378 4177 manibus

373 4231 538 4318 pugnando
562 4242 592 4297 et
616 4242 736 4318 pectore
760 4233 911 4298 audendo.
