3725 5542
950 960 1024 1041 aa.

816 1198 859 1258 lle
884 1197 1012 1259 Beona
1036 1194 1162 1257 auxilio.

528 1433 659 1496 Deorum
676 1432 808 1495 maxima
820 1431 972 1516 longeque
985 1431 1023 1495 ab
1035 1430 1213 1496 hominibus
1225 1431 1346 1495 diversa
1358 1433 1498 1515 potentia

481 1573 541 1614 non
566 1558 666 1613 tamen
691 1548 827 1613 timenda
850 1548 952 1612 solum
975 1558 1022 1611 est
1044 1560 1076 1612 et
1098 1551 1307 1613 contemnenti
1331 1550 1496 1625 terribilis,

481 1691 584 1732 verum
618 1666 723 1731 eadem
755 1666 895 1731 adoranti
926 1688 1071 1750 praeseus
1099 1677 1130 1731 et
1153 1668 1296 1751 propitia
1343 1665 1498 1751 Apollinis

481 1807 615 1849 amorem
645 1792 806 1868 aspernata
836 1783 966 1847 Coronis
996 1792 1125 1848 mortem
1152 1784 1287 1848 invenit:
1303 1786 1327 1867 ¹)
1350 1783 1497 1847 dilectum

481 1903 625 1987 Pelopem
657 1912 687 1966 et
714 1904 763 1987 pie
787 1912 944 1987 precatum
967 1901 1135 1987 Neptunus
1159 1902 1291 1967 adduxit
1314 1901 1354 1965 ad
1378 1902 1499 1966 victori·

481 2044 540 2085 am.
554 2022 577 2103 2)
623 2020 662 2084 ln
692 2021 758 2104 ipsa
789 2019 967 2104 Amphiarai
998 2027 1097 2083 morte
1126 2019 1268 2105 Jupiter,
1300 2041 1396 2103 quum
1427 2040 1497 2082 eum

480 2138 639 2212 obrueret,
659 2137 717 2200 hoc
737 2137 845 2201 mortis
865 2158 976 2220 genere
995 2160 1067 2216 eum
1086 2138 1197 2202 maluit
1216 2160 1309 2220 quam
1330 2137 1499 2220 fugientem

483 2254 589 2318 hostili
612 2253 699 2317 basta
721 2254 870 2332 interfici,
894 2264 930 2318 ut
953 2255 982 2319 ei
1003 2254 1071 2318 lans
1095 2255 1256 2339 honosque
1278 2266 1425 2319 maneret.
1438 2256 1462 2337 8)

527 2372 586 2436 Sed
618 2372 879 2457 praestantissima
910 2374 941 2437 iu
974 2374 1031 2437 hoc
1058 2396 1168 2458 genere
1191 2383 1239 2437 est
1261 2374 1300 2437 de
1321 2374 1412 2437 Jamo
1434 2396 1501 2437 nar-

484 2490 572 2553 ratio.
607 2488 646 2552 In
670 2489 842 2554 Arcadibus
866 2491 947 2576 apud
972 2494 1129 2576 Aepytnm
1149 2490 1279 2555 educata
1298 2490 1424 2554 Euadne
1443 2490 1501 2554 sub

484 2606 628 2691 Apolline
660 2607 793 2693 primum
822 2606 946 2671 dulcem
969 2608 1106 2692 gnstavit
1128 2629 1272 2672 amorem.
1319 2606 1387 2671 Neo
1410 2608 1501 2672 latuit

483 2732 631 2810 perpetuo
651 2725 806 2809 Aepytnm
826 2724 928 2789 celans
946 2726 1006 2789 Dei
1020 2726 1157 2812 prolem:
1175 2748 1280 2789 verum
1296 2726 1348 2789 bio
1363 2739 1502 2811 premens

353 2866 357 2877 ‘
442 2886 448 2896 ·
481 2846 557 2909 iram
589 2852 711 2931 pectore
742 2843 914 2928 Pythonem
946 2843 1022 2908 abiit
1056 2852 1223 2928 rogaturus
1250 2844 1289 2908 de
1312 2844 1371 2908 boc
1394 2844 1504 2908 intole-

418 3016 420 3021 .
484 2961 580 3027 raudo
610 2963 744 3046 negotio.
791 2962 852 3025 Illa
885 2984 956 3026 vero
988 2962 1046 3027 sub
1071 2962 1203 3026 obscuro
1226 2960 1362 3046 virgulto
1385 2962 1505 3047 peperit

485 3080 625 3144 divinum
656 3102 801 3164 puerum:
834 3080 1009 3144 conciliarit
1039 3082 1068 3143 ei
1101 3080 1215 3166 Apollo
1243 3080 1450 3145 Illcuthonem
1473 3091 1504 3144 et

486 3198 596 3261 Parnes
620 3208 655 3261 ut
678 3198 835 3263 adstarent
858 3199 1026 3283 propitiae:
1051 3198 1166 3282 prodiit
1188 3220 1225 3261 ex
1244 3197 1369 3262 amabili
1388 3197 1505 3275 gremio

487 3314 686 3379 mordemus
710 3314 872 3379 inlucem.
908 3314 1049 3379 Sollicita
1071 3338 1140 3379 eum
1164 3315 1291 3399 reliquit
1313 3315 1409 3379 humi.
1445 3313 1505 3377 Sed

486 3433 549 3497 duo
573 3432 704 3497 caerulei
729 3455 799 3497 eum
823 3432 983 3497 voluntate
1007 3433 1146 3497 Deorum
1166 3455 1237 3496 oum
1257 3454 1330 3497 eura
1350 3432 1506 3496 nutrivere

487 3562 640 3637 serpentes
664 3552 767 3637 apium
793 3553 962 3636 praestanti
985 3552 1114 3636 liquore.
1161 3551 1227 3615 Rex
1251 3573 1322 3615 vero
1343 3572 1398 3634 poa
1432 3572 1505 3613 uam

487 3669 628 3754 Pythone
651 3670 757 3747 rediit,
779 3692 884 3733 omnes
902 3670 986 3734 domi
1006 3670 1044 3734 de
1064 3692 1160 3755 puero
1179 3667 1393 3753 interrogarit,
1415 3690 1506 3751 quem

487 3789 653 3873 peperisset
685 3786 828 3852 Euadne:
861 3787 979 3852 Phoebi
1007 3788 1090 3852 euim
1114 3810 1185 3852 eum
1208 3808 1274 3851 esse
1296 3786 1435 3863 dicebat,
1459 3808 1509 3849 su·

489 3928 603 3991 praque
627 3906 770 3970 mortales
794 3914 1000 3991 praestantem
1024 3914 1123 3969 vatem
1146 3907 1287 3969 futurum
1311 3904 1502 3979 hominibus,

489 4045 588 4107 neque
619 4045 764 4107 umquam
789 4024 905 4109 prolem
933 4024 1119 4088 defuturam.
1166 4020 1217 4086 Sic
1240 4022 1408 4086 nunciavit.
1456 4020 1509 4084 Illi

490 4162 590 4225 neque
620 4140 773 4206 audivisse
805 4164 837 4205 se
868 4164 925 4206 neo
950 4140 1060 4205 vidisse
1083 4139 1244 4217 dixerunt,
1268 4150 1377 4204 natum
1399 4140 1509 4223 quinto

490 4258 601 4323 abhinc
637 4259 696 4323 die.
737 4259 853 4323 Verum
888 4260 970 4324 enim
1006 4258 1147 4322 occultus
1177 4267 1243 4323 erat
1272 4258 1305 4321 in
1336 4257 1447 4321 frutice
1479 4266 1511 4320 et

497 4418 663 4429 ..ι--

530 4510 555 4571 l)
572 4508 642 4559 Gens.
659 4524 715 4574 pap.
733 4506 774 4557 20.
841 4509 866 4571 2)
884 4508 956 4557 conr.
969 4522 1027 4571 m.
1047 4506 1086 4557 ll.
1153 4506 1179 4567 3)
1196 4505 1267 4554 Conl.
1280 4520 1338 4569 paq.
1356 4504 1396 4553 la.
