3725 5542
984 687 1049 748 320

509 882 628 948 Ibidem
654 887 718 959 664

674 1004 692 1079 ἥ
716 1004 918 1071 τούπιτάσσειν
939 1012 1000 1078 τοῖς
1022 1012 1173 1085 umbro
1197 1008 1289 1073 ἔννιεῑ.

509 1120 550 1185 ιιι
576 1124 659 1187 1059
683 1123 810 1189 raama
831 1131 935 1207 φιιιν.
960 1104 1114 1190 'nume
1137 1147 1208 1190 vero
1230 1124 1307 1190 on.
1331 1125 1398 1190 001.
1422 1130 1487 1190 ιιι

817 1243 851 1307 ri
873 1242 941 1324 δρᾶν
963 1246 1014 1309 οὐκ
1035 1243 1184 1319 ἠθέλησα.

555 1362 627 1425 177.
665 1346 780 1442 ιιρύφόν.
819 1361 857 1426 In
891 1362 1010 1427 scholio
1044 1371 1144 1428 vetere
1174 1362 1288 1427 dicitur
1317 1363 1514 1429 Aristarchus

419 1546 425 1561 ,
507 1479 564 1543 hoo
599 1478 783 1545 vocabulum
820 1481 1037 1567 interpretatus
1071 1505 1137 1547 esse
1170 1482 1283 1563 κρύψιν.
1336 1482 1446 1548 Reote:
1481 1492 1513 1548 et

505 1596 618 1663 ibidem
641 1606 688 1663 est
709 1600 904 1685 interpetatio
926 1601 1105 1679 ἀφανισμόν.

552 1718 625 1781 178.
659 1716 731 1783 ἐπεὶ.
767 1717 852 1783 Haeo
880 1720 1057 1805 conjunctio
1080 1721 1112 1784 iu
1134 1720 1249 1805 protasi
1273 1720 1373 1805 posita
1394 1727 1457 1797 ast,
1481 1727 1512 1782 et

505 1836 631 1922 copulat
653 1836 732 1901 hanc
754 1838 938 1902 senteutiam
959 1860 1030 1903 oum
1052 1841 1155 1911 ἐκεῖνος
1176 1864 1205 1905 ιι.
1228 1864 1258 1904 τ.
1280 1854 1311 1904 λ.

860 2310 1056 2376 OLYMPIA
1090 2310 1151 2375 111.

547 2547 686 2613 Tradunt
717 2548 916 2626 scholiastae,
948 2548 1106 2614 Castorem
1133 2557 1165 2614 et
1185 2548 1359 2627 Pollucem,
1383 2557 1508 2635 aooepto

503 2665 540 2731 ab
573 2666 706 2732 Hercule
736 2669 911 2733 certaminis
939 2668 1075 2754 Olympii
1102 2668 1323 2746 moderamine,
1347 2669 1431 2755 ipsos
1453 2669 1508 2733 las·

502 2796 568 2851 tum
603 2787 774 2852 instituisse
808 2786 944 2865 Θεοξένια
973 2787 1109 2866 dictum,
1140 2788 1215 2873 quia
1244 2795 1311 2853 tum
1333 2788 1416 2853 Deos
1439 2787 1507 2853 hos·

501 2906 577 2991 pitio
599 2907 736 2992 excipere
759 2906 952 2971 viderentur:
982 2906 1116 2971 'lberoni
1143 2913 1265 2984 autem,
1288 2905 1370 2971 illud
1392 2907 1504 2971 festum

501 3023 682 3103 celebranti,
708 3025 865 3090 victoriam
888 3024 1061 3111 Olympiam
1083 3026 1262 3090 nunciatam
1284 3048 1359 3091 ease
1402 3028 1505 3110 Atque

500 3163 537 3205 er
571 3142 627 3207 bac
661 3164 693 3206 re
727 3150 827 3207 totum
857 3142 916 3207 boc
947 3164 1067 3207 carmen
1090 3144 1218 3229 ejusque
1240 3164 1363 3208 eausam
1386 3152 1418 3207 et
1440 3166 1506 3209 sen·

499 3261 574 3325 tiam
597 3261 728 3347 pendere
751 3262 870 3327 volunt.
917 3260 1033 3326 Ilodem
1056 3263 1205 3347 pertinuit
1226 3262 1403 3348 inscriptio,
1426 3286 1505 3348 quae

498 3378 639 3445 inlibris
663 3379 783 3466 seriptis
807 3388 871 3457 est,
895 3381 934 3452 εἷς
957 3379 1103 3457 Θεοξένια.

541 3498 717 3565 Boeekhius
739 3522 802 3565 nou
826 3500 951 3565 omuino
973 3500 1138 3586 rejicienda
1160 3499 1234 3565 baec
1257 3500 1436 3580 arbitratur,
1456 3523 1504 3565 ve-

489 3601 666 3684 rumtamen
699 3620 744 3683 ita
778 3620 881 3706 potius
915 3619 953 3685 ad
990 3620 1156 3685 Dioscuroa
1191 3628 1222 3685 et
1247 3619 1423 3685 Theoxeuia
1445 3620 1503 3685 boc

496 3759 616 3803 carmen
639 3738 838 3824 pertinuisse,
858 3748 894 3804 ut
909 3740 1098 3805 destinatum
1116 3740 1207 3813 luerit
1221 3761 1350 3825 pompae
1365 3741 1503 3825 festoque

497 3858 657 3943 Agrigenti
688 3858 806 3943 agendo
836 3858 870 3923 iu
901 3858 964 3923 illia
994 3859 1088 3923 saera
1114 3858 1152 3922 ad
1176 3857 1387 3923 celebrandam
1411 3859 1504 3923 ricto·

494 3977 587 4055 riam,
612 3984 643 4041 et
665 3978 872 4042 comissationi
895 3978 929 4043 in
952 3977 1069 4064 templo
1091 3977 1309 4043 Dioscurorum
1326 3977 1501 4055 habendae,

494 4094 545 4159 cui
567 4094 739 4160 interfuerit
761 4093 861 4160 'l'bero
884 4118 999 4160 corona
1020 4104 1167 4161 ornatus:
1199 4096 1325 4160 fortasse
1347 4095 1435 4161 illuni
1458 4096 1502 4162 ibi

493 4212 585 4277 etiam
618 4236 760 4280 eoronam
796 4214 961 4280 dedicasse.
1007 4214 1049 4279 Et
1084 4214 1122 4280 de
1153 4236 1264 4301 pompa
1293 4215 1326 4279 iu
1352 4214 1500 4300 templum

492 4330 571 4395 illud
595 4331 772 4399 deducenda
794 4333 910 4419 aliquid
933 4333 1101 4399 nonnullos
1116 4334 1282 4419 conjecisse
1296 4342 1400 4399 monet
1415 4334 1501 4399 sebo-

492 4448 581 4515 liasta
603 4460 690 4516 vetus
712 4452 752 4517 ad
774 4474 808 4517 vs
833 4454 884 4517 lo.
