3725 5542
1018 708 1061 769 26

525 907 662 991 Delphos
685 907 840 991 prefectus
864 918 959 984 esset,
983 908 1054 992 pius
1077 906 1183 985 heros,
1209 918 1244 972 nt
1263 908 1329 972 Deo
1348 907 1431 973 dona
1450 908 1545 973 ferret

523 1026 751 1103 manubiarum,
780 1048 857 1111 quae
884 1028 922 1091 de
945 1027 1037 1112 'l'roja
1059 1034 1249 1112 portaverat,
1273 1027 1392 1091 rixatus
1415 1028 1541 1111 quidam

520 1168 591 1210 enm
615 1146 750 1229 pugione
773 1144 938 1210 interfecit.
975 1144 1132 1230 indignati
1156 1146 1351 1210 vehementer
1374 1155 1450 1209 sunt
1470 1144 1541 1209 Del-

521 1262 666 1349 plrenses:
691 1263 745 1327 sed
768 1263 820 1328 illc
834 1266 942 1349 saum
964 1266 1143 1347 eepfwerct,
1163 1265 1197 1328 τὸ
1220 1264 1359 1343 piperno
1381 1264 1539 1330 ἑπεῒωω.

520 1381 587 1446 Nec
611 1390 711 1446 tamen
736 1383 795 1447 fuit
817 1382 924 1447 infelix
947 1405 1029 1447 mors
1052 1382 1210 1461 habende,
1235 1406 1292 1447 nec
1315 1383 1428 1449 Fctum
1451 1384 1541 1449 infes-

518 1508 604 1563 tum:
636 1508 743 1564 contre
775 1510 871 1565 morte
904 1500 1034 1585 Delphis
1064 1500 1188 1565 inventa
1211 1500 1435 1586 Neoptolemus
1459 1502 1537 1565 illud

465 1598 471 1605 ’
518 1619 613 1681 fatum
635 1618 782 1705 explevit,
805 1640 867 1703 quc
883 1618 1045 1703 oportebat
1060 1619 1194 1701 aliquem
1209 1641 1316 1703 regum
1333 1619 1537 1684 Aeacidarum

519 1760 637 1821 semper
672 1738 756 1802 intus
788 1737 893 1801 edesse
926 1746 1047 1802 vetusto
1078 1738 1149 1801 luco
1181 1760 1277 1823 prope
1308 1738 1445 1822 pulcram
1478 1738 1537 1803 Dei

519 1856 645 1920 domum
668 1864 699 1919 et
722 1855 881 1920 custodem
902 1878 968 1920 esse
985 1856 1144 1920 fetorum.
1157 1855 1181 1939 ¹)
1215 1856 1299 1941 Ergo
1318 1868 1350 1920 et
1370 1857 1538 1921 fortissimo

519 1974 584 2037 vire
616 1975 765 2039 maximus
796 1984 1001 2058 aeternamque
1028 1974 1144 2052 honos,
1173 1984 1204 2039 et
1225 1976 1319 2039 sacris
1343 1978 1538 2062 praestantis-

519 2094 594 2157 sime
617 2092 695 2157 Ilato
718 2101 805 2178 parta
827 2093 979 2157 custodia.

563 2210 698 2275 Omnino
721 2233 783 2275 non
807 2210 933 2295 qnidam
957 2210 1024 2274 Fati
1050 2211 1156 2275 horror
1179 2222 1226 2275 est.
1248 2211 1332 2295 apud
1355 2211 1536 2277 Pindarum.

519 2328 704 2415 Magnorum
722 2328 962 2393 infortuniorum
978 2329 1181 2413 graviumque
1195 2350 1342 2405 casuum,
1358 2328 1444 2393 velut
1458 2328 1537 2394 Ten·

518 2446 573 2511 tali
604 2446 651 2511 vel
683 2446 818 2524 Ixionis,
850 2448 988 2533 ipsorum
1019 2446 1154 2512 virorum
1180 2447 1418 2531 intemperentia
1443 2468 1537 2512 censa

518 2572 582 2643 est,
606 2565 763 2649 punienda
785 2564 863 2630 Diis.
899 2564 1153 2629 Vieissitudinem
1176 2572 1280 2629 eutem
1304 2586 1405 2629 rernm
1429 2564 1536 2629 hume·

517 2704 626 2747 narum
650 2706 732 2761 esse,
758 2692 793 2747 nt
815 2682 1000 2747 felicissimis
1023 2683 1065 2746 sit
1088 2682 1252 2748 metuende
1271 2683 1397 2747 fortuna
1415 2690 1535 2747 contra·

516 2802 578 2878 ria,
611 2802 728 2865 miseris
760 2822 829 2865 sero
861 2801 1012 2885 speranda
1042 2801 1166 2878 melior,
1194 2802 1320 2865 omnino
1344 2801 1533 2865 videbimus:

516 2919 570 2983 sed
594 2920 672 2985 illud
696 2919 808 2985 Iletum
832 2943 961 3006 urgens,
980 2922 1013 2985 in
1033 2942 1122 2985 cesus
1141 2920 1304 3004 cladesque
1323 2919 1534 3005 irreparabiles

516 3037 679 3123 dejiciens,
716 3061 814 3123 eoque
848 3040 915 3123 ipsa
949 3061 1073 3117 eorum,
1108 3040 1163 3122 qui
1193 3040 1374 3123 capiuntur,
1406 3038 1536 3101 consilia

516 3156 668 3241 dirigens,
701 3156 785 3240 quod
816 3157 941 3240 quidem
972 3169 1003 3221 et
1034 3157 1117 3242 apud
1148 3156 1319 3221 Homerum
1342 3166 1373 3219 et
1397 3156 1536 3221 Herode

516 3284 600 3351 cum,
625 3282 657 3338 et
679 3296 750 3338 vero
774 3274 856 3359 apud
879 3282 985 3359 poetes
1009 3276 1142 3359 tragicos
1164 3284 1267 3339 movet
1289 3273 1533 3359 quamplurima,

515 3392 574 3456 hoc
604 3393 700 3481 igitur
729 3393 774 3457 ita
804 3392 891 3457 abest
921 3415 940 3456 a
971 3392 1123 3471 Pindaro,
1152 3401 1189 3458 ut
1212 3415 1248 3457 eo
1271 3393 1338 3477 ipso
1360 3393 1447 3469 loco,
1471 3414 1533 3476 quo

514 3510 645 3573 maxime
675 3532 910 3575 commemorare
940 3510 1099 3588 videatur,
1122 3519 1226 3576 tamen
1249 3510 1430 3595 grevitetem
1452 3531 1534 3573 acer·

513 3627 703 3712 bitetcmque
729 3628 824 3693 leniat
848 3640 880 3693 ct
902 3630 1033 3693 minuet.

559 3745 592 3809 Is
622 3756 725 3812 antem
755 3748 842 3813 locus
870 3760 916 3812 est
940 3748 1094 3833 degente
1116 3746 1194 3833 LeJ'i.
1232 3747 1326 3833 Apud
1349 3746 1533 3833 Sophoclem

549 4006 573 4065 l)
595 4008 660 4056 Nm.
685 4008 743 4057 VII.
761 4007 801 4056 tt.
836 4006 980 4073 Quenquem
997 4008 1071 4057 rerba
1087 4013 1116 4059 τὸ
1130 4015 1248 4076 μόρσιμον
1260 4008 1377 4060 exilem
1392 4007 1534 4071 simpliciter

514 4100 543 4149 de
567 4101 653 4151 mortis
677 4102 728 4151 teto
751 4102 815 4153 dicte
837 4118 888 4153 cese
913 4106 1028 4167 ponunt,
1046 4103 1111 4166 qnod
1127 4103 1270 4153 mortelibue
1286 4102 1381 4153 eunetis
1396 4102 1532 4167 impendet:

513 4194 546 4244 cf.
562 4212 583 4245 e.
600 4212 624 4262 g.
641 4197 711 4245 Heu.
729 4198 761 4247 ΙΙ.
779 4197 865 4248 mr.
885 4198 928 4255 1³,
947 4197 989 4247 nbi
1006 4197 1094 4262 Apollo
1110 4198 1216 4247 Achilli:

718 4294 743 4343 οὗ
758 4300 802 4356 11⁶
815 4312 849 4357 μ
863 4300 973 4354 πώς,
990 4296 1041 4345 ⁸¹⁸¹
1055 4297 1117 4346 ’Μ
1132 4301 1248 4362 unck
1263 4298 1322 4359 en·

514 4392 595 4437 umen
617 4388 647 4437 de
669 4402 698 4437 eo
718 4387 769 4437 feto
787 4387 826 4437 hic
843 4388 907 4438 dicte
924 4392 999 4447 eunt,
1016 4404 1064 4454 qno
1081 4390 1209 4453 oportebat
1226 4388 1413 4454 Neoptolemum
1430 4405 1460 4439 eo
1477 4390 1531 4440 loeo

513 4498 541 4533 ac
560 4486 668 4549 tempore
685 4482 760 4545 mori,
779 4484 803 4533 id
820 4484 883 4548 qued
902 4488 970 4551 petet
985 4502 999 4535 e
1016 4484 1171 4550 sequentibus
1187 4491 1259 4555 ὶχοῆι
1274 4486 1300 4537 u
1315 4506 1336 4537 e.
1353 4488 1414 4538 et
