3725 5542
970 701 1034 758 ‘256

494 890 635 956 insideat.
683 893 823 975 Quorum
848 896 999 964 donorum
1024 899 1183 985 inscriptio
1207 903 1245 967 ab
1269 905 1378 969 eodem
1398 931 1510 973 memo

491 1015 577 1073 ratur
599 1007 636 1073 L.
655 1010 736 1075 VIII
759 1035 785 1076 c.
810 1014 920 1078 XLII:

570 1128 628 1193 Σόν
650 1152 722 1194 ποτε
745 1134 882 1210 νικήσας,
907 1140 965 1199 Ζεῦ
989 1137 1158 1216 Ὀλύμπιε,
1181 1142 1288 1216 σεμνὸν
1310 1143 1432 1220 ἀγῶνι,

646 1250 792 1331 τεθρίππῳ
814 1253 868 1330 μὲν
890 1252 995 1331 ἅπαξ,
1018 1257 1205 1333 μουνοκέλητι
1227 1259 1257 1325 δὲ
1279 1260 1341 1337 δὶς,

568 1366 630 1448 δῶρ’
653 1370 742 1450 Ἱέρων
765 1371 902 1438 calderar
925 1376 1123 1456 ἐχαρίσσατο·
1148 1386 1221 1452 παῖς
1244 1378 1270 1443 δ’
1292 1380 1411 1456 ἀνέθηκε

647 1491 837 1574 Δεινομένης,
863 1495 973 1574 πατρὸς
995 1504 1102 1573 μνῆμαι
1123 1500 1310 1578 Συρακοσίου.

534 1609 582 1672 De
606 1611 680 1694 ipsis
704 1633 776 1697 ergo
799 1610 944 1678 Hieronis
968 1616 1103 1680 victoriis
1127 1639 1224 1701 quum
1248 1618 1335 1683 nulla
1357 1621 1398 1684 sit
1419 1620 1507 1687 dubi·

489 1728 582 1805 tatio,
607 1729 672 1793 lieri
695 1738 797 1796 tamen
823 1754 884 1797 non
909 1740 1028 1818 potest,
1053 1746 1091 1799 ut
1113 1735 1206 1820 hujus
1221 1739 1366 1802 carminis
1382 1748 1505 1825 tempus

488 1855 568 1911 recte
598 1871 617 1911 a
647 1847 819 1914 Scholiasta
842 1851 884 1915 sit
907 1852 1067 1917 traditum.
1114 1853 1211 1919 Hiero
1234 1856 1351 1942 accepit
1373 1880 1503 1943 regnum

487 1964 706 2049 Syracusarum
739 1968 789 2033 Ol
820 1969 942 2034 LXXV
972 1993 1053 2036 anno
1086 1974 1196 2051 tertio,
1227 1975 1394 2039 succedens
1417 1978 1504 2040 fratri

487 2084 616 2163 Geloni,
649 2088 704 2171 qui
735 2088 907 2173 praefuerat
929 2089 1087 2174 Syracusis
1112 2114 1166 2178 per
1188 2100 1306 2178 septem
1329 2115 1444 2174 annos,
1472 2094 1503 2158 id

487 2211 534 2268 est
565 2205 603 2270 ab
631 2204 682 2269 Ol.
706 2205 851 2271 LXXIII
874 2230 955 2273 anno
979 2218 1100 2294 quarto.
1114 2210 1138 2294 ¹)
1185 2214 1287 2276 Antea
1310 2212 1388 2276 Gelo
1412 2215 1505 2299 impe·

487 2324 566 2388 rium
591 2323 740 2389 habuerat
764 2325 877 2405 Gelae,
901 2326 974 2391 inde
998 2327 1036 2391 ab
1060 2326 1111 2392 Ol.
1135 2327 1272 2394 LXXII.
1289 2352 1317 2393 a.
1335 2332 1366 2394 2.
1402 2330 1504 2415 Igitur

486 2440 669 2527 Olympiade
700 2442 861 2523 LXXIII,
894 2446 933 2509 ad
964 2469 1057 2530 quam
1088 2446 1260 2511 Scholiasta
1291 2448 1350 2512 hoc
1380 2471 1502 2513 carmen

484 2560 594 2639 refert,
619 2584 675 2627 nec
699 2563 812 2641 Hiero,
837 2586 892 2629 uec
910 2588 981 2629 vero
996 2566 1090 2631 frater
1105 2567 1171 2651 ejus
1187 2565 1266 2631 Gelo
1281 2566 1501 2651 Syracusarum

486 2679 618 2745 habebat
648 2682 820 2767 imperium.
867 2683 1013 2768 Dignitas
1044 2693 1148 2749 autem
1176 2685 1260 2769 regia
1292 2684 1385 2770 hujus
1417 2686 1502 2751 urbis

485 2800 648 2866 manifesto
672 2801 730 2865 hoc
753 2803 888 2867 carmine
911 2803 1020 2867 victori
1042 2803 1200 2867 tribuitur.

531 2918 648 2985 Verum
672 2920 777 2985 videor
799 2922 875 2985 milri
899 2943 1031 2986 errorem
1054 2921 1244 2986 Scholiastae
1267 2943 1356 3007 posse
1379 2921 1503 2986 demon-

486 3046 591 3103 strare.
638 3037 763 3123 Quippe
786 3048 936 3104 memorat
957 3040 1127 3105 Pausanias
1149 3039 1188 3105 L.
1203 3040 1251 3103 VI
1269 3064 1296 3105 c.
1313 3040 1362 3105 IX
1377 3062 1502 3105 currum

486 3156 648 3243 Olympiae
672 3158 807 3243 positum
830 3181 901 3223 cum
921 3160 1122 3244 inscript-ione
1142 3159 1217 3223 hac:
1238 3158 1388 3223 Gelonem
1408 3158 1504 3223 Dino-

486 3278 583 3341 menis
606 3277 704 3341 filium
727 3277 861 3342 Geloum
885 3278 944 3341 hoc
967 3278 1084 3342 donum
1107 3278 1174 3342 Deo
1197 3277 1354 3363 posuisse:
1378 3286 1502 3362 tempus

484 3402 588 3460 aulem
612 3396 706 3481 hujus
729 3397 872 3461 victoriae
896 3396 1008 3461 Geloni
1031 3397 1127 3461 fuisse
1146 3395 1361 3482 Olympiadem
1381 3404 1502 3482 septua-

484 3516 628 3599 gesimam
652 3516 783 3579 tertiam.
813 3514 900 3595 Quae
925 3538 996 3580 vero
1012 3538 1102 3600 porro
1118 3516 1157 3579 de
1173 3516 1267 3601 hujus
1286 3516 1359 3579 doni
1376 3523 1501 3579 anctore

484 3634 631 3700 dubitans
654 3633 792 3719 disputat
816 3644 847 3698 et
870 3634 1013 3699 aberrans
1038 3658 1056 3699 a
1079 3657 1168 3713 vero,
1192 3634 1374 3699 confirmant
1396 3634 1501 3720 potius

485 3777 575 3840 quam
608 3753 750 3819 dubitare
781 3755 905 3832 sinunt,
938 3754 1021 3817 hunc
1052 3754 1146 3817 luisse
1176 3752 1326 3818 Gelonem
1355 3752 1500 3816 Hieronis

483 3874 625 3951 fratrem,
658 3882 725 3938 tum
757 3873 852 3938 Gelae
884 3882 1059 3957 tyrannum.
1106 3871 1196 3936 Certe
1227 3893 1300 3957 ergo
1328 3870 1499 3936 Scholiasta

483 3991 642 4055 victoriam
665 3991 795 4056 Hieroni
818 3991 947 4066 tribuit,
971 4011 1049 4073 qnae
1073 3990 1175 4054 fuerat
1193 3988 1306 4053 Geloni
1321 3988 1497 4054 tribuenda

482 4109 548 4175 Nec
583 4111 648 4175 sine
679 4126 789 4189 causa,
826 4132 922 4194 quum
954 4109 1157 4173 confunderet
1187 4131 1258 4173 vera
1290 4130 1361 4173 cum
1393 4107 1496 4185 falsis,

481 4228 618 4308 addidit,
654 4229 804 4314 quosdam
841 4230 1047 4306 existimasse,
1088 4228 1173 4293 illam
1211 4227 1369 4292 victoriam
1404 4226 1498 4289 luisse

515 4496 539 4556 l)
558 4493 629 4543 Diod.
647 4492 694 4541 Sic.
715 4492 756 4541 XI.
775 4492 814 4541 38.
