3725 5542
977 728 1042 789 266

500 929 576 993 dicit
603 929 696 1009 ψευδῆ
718 931 818 1007 λέγειν
839 934 876 1003 ὠς
899 932 951 997 δεῖ.
975 932 1014 995 de
1037 931 1124 995 Poet.
1149 954 1175 994 o.
1199 929 1319 993 XXIV.
1366 930 1515 1007 Plautus,

500 1050 614 1116 Pseud.
641 1054 708 1117 Act.
733 1052 751 1115 I
774 1052 822 1117 Se.
848 1052 894 1116 IV
919 1058 940 1115 8

543 1168 604 1234 Sed
627 1170 714 1253 qnasi
738 1179 828 1256 poeta
850 1170 972 1236 tabulas
995 1194 1065 1236 enm
1088 1171 1170 1255 cepit
1193 1170 1270 1247 sibi,

544 1286 674 1366 Quaerit
696 1287 780 1373 quod
804 1310 957 1372 nusquam
981 1297 1028 1353 est
1050 1289 1207 1373 gentium,
1232 1289 1345 1373 reperit
1368 1296 1485 1364 tamen,

544 1404 631 1470 Facit
652 1405 731 1470 illud
757 1407 937 1485 verisimile,
961 1407 1045 1491 quod
1069 1407 1263 1471 mendacium
1287 1414 1342 1470 est.

500 1524 666 1603 Horatius,
691 1525 750 1611 llp.
774 1525 813 1589 ed
837 1526 899 1591 Pis.
925 1529 990 1591 888

610 1644 697 1708 Ficta
720 1644 887 1730 voluptatis
910 1668 1002 1711 causa
1025 1647 1088 1710 sint
1112 1646 1249 1731 proxima
1272 1646 1361 1709 veris.

499 1760 572 1825 Non
596 1762 685 1825 docet
708 1761 857 1827 hocloco
880 1764 1051 1842 Pindarus,
1083 1765 1151 1849 ipsa
1173 1772 1332 1848 poetarum
1357 1761 1516 1826 mendacia

500 1879 703 1965 vituperanda
724 1904 788 1945 esse
797 1907 806 1959 ;
831 1904 900 1946 nam
925 1905 1022 1966 quum
1038 1882 1133 1946 addat
1147 1882 1219 1960 ὑπὲρ
1233 1881 1283 1946 τὸν
1297 1883 1392 1955 danti
1409 1880 1513 1958 λόγον,

499 2020 564 2061 esse
587 1998 723 2063 ostendit
745 2000 838 2064 etiam
854 2000 967 2079 ψεύδεα
983 2001 1065 2065 κατὰ
1081 1999 1131 2065 τὸν
1146 2001 1241 2076 ἀληθῆ
1257 1999 1357 2077 λόγον.
1383 1998 1513 2074 Verum,

499 2115 667 2181 secundum
700 2117 914 2195 Aristotelem,
945 2119 980 2183 τὸ
1009 2120 1179 2196 θαυμαστὸν
1208 2117 1278 2193 ἡδύς
1310 2126 1341 2181 et
1364 2116 1516 2181 Pindarus

499 2234 598 2298 multa
623 2236 701 2299 mira
723 2236 839 2301 narrari
862 2236 957 2315 dicit,
989 2236 1042 2301 sed
1066 2236 1132 2300 fieri
1156 2236 1248 2300 etiam
1272 2234 1456 2321 aliqnando,
1480 2242 1517 2298 ut

499 2362 606 2439 poetae
629 2353 748 2419 fabulas
771 2355 862 2421 variis
885 2355 1024 2419 ornando
1047 2355 1213 2419 mendaciis
1232 2354 1371 2419 veritatis
1389 2353 1515 2417 modum

500 2494 561 2537 non
593 2473 763 2556 retineant,
794 2481 825 2537 et
855 2473 1033 2537 mortalium
1062 2480 1181 2537 mentes
1211 2471 1385 2556 decipiant:
1417 2479 1515 2554 utque

500 2592 555 2656 illa
584 2593 738 2670 suavitas,
770 2615 832 2677 qna
862 2592 967 2657 cuncti
997 2591 1087 2675 quasi
1115 2612 1183 2655 asca
1205 2590 1387 2675 capiuntur,
1411 2587 1518 2652 addita

500 2710 600 2788 miris,
632 2710 665 2774 id
695 2711 787 2775 etiam
818 2710 965 2775 credibile
994 2710 1105 2786 iaciat,
1137 2707 1222 2793 qnod
1250 2706 1429 2772 incredibile
1451 2730 1516 2771 esse

500 2827 641 2893 debebat.
681 2827 791 2913 Neque
821 2829 903 2893 enim
926 2851 963 2892 ea
984 2826 1144 2892 eredibilia
1167 2848 1233 2890 esse
1255 2824 1413 2902 debuisse,
1437 2846 1516 2909 qnae

498 2949 568 3034 quis
592 2970 686 3033 prava
707 2946 746 3012 de
773 2946 840 3011 Diis
864 2946 1041 3011 narraverit

544 3072 597 3131 48.
633 3065 731 3147 Χάρις.
765 3065 827 3131 Vir
850 3068 909 3131 hoo
930 3064 1000 3129 loco
1023 3064 1089 3129 Dea
1111 3086 1177 3128 esse
1200 3062 1332 3140 videtur,
1358 3084 1462 3127 verum
1480 3084 1517 3126 ea

500 3186 635 3249 suavitas
664 3186 815 3270 gratiosa,
841 3207 901 3270 qua
925 3185 971 3248 ita
992 3182 1219 3290 nihilqeorum,
1250 3180 1335 3267 qaod
1357 3182 1391 3245 in
1418 3180 1516 3267 pretio

501 3306 595 3383 foret,
620 3327 721 3369 carere
741 3312 878 3388 poterat,
903 3314 940 3367 ut
954 3302 1048 3367 etiarn
1062 3301 1154 3366 rebus
1169 3301 1225 3377 iis,
1246 3322 1325 3384 quae
1340 3299 1401 3364 fide
1415 3321 1517 3363 cerem

500 3422 669 3499 debebant,
701 3422 792 3486 fidem
816 3444 905 3507 saepe
929 3420 1051 3485 faceret.
1089 3417 1151 3482 Sed
1173 3417 1360 3502 quandoque
1383 3416 1517 3480 difficilis

500 3548 547 3605 est
570 3542 738 3605 distinctio.
773 3540 847 3605 'lbos
871 3538 997 3624 quidem
1021 3538 1145 3601 Gratias
1161 3558 1280 3622 ponens
1294 3534 1464 3612 Pindarus,
1481 3542 1518 3597 ut

499 3668 626 3743 apparet
649 3682 686 3722 er
709 3658 761 3723 Ol.
777 3657 986 3735 XIV,·certe,
1003 3657 1030 3719 si
1045 3656 1120 3720 baec
1136 3656 1202 3741 ipsa
1218 3654 1324 3719 divina
1339 3653 1515 3717 Gratiarum

500 3778 628 3842 numina
643 3777 810 3863 significat,
827 3775 941 3861 plurali
955 3796 1083 3838 numero
1099 3773 1208 3837 utitur.
1231 3771 1327 3837 Velut
1337 3769 1389 3835 Ol.
1402 3770 1450 3833 IX
1462 3772 1516 3847 40,

499 3908 590 3965 κεῖναι
606 3898 752 3983 (Χάριτες)
767 3898 891 3963 ὤπασαν
904 3895 948 3960 τὰ
961 3893 1083 3974 τερπνά.
1112 3891 1258 3957 Ceterum
1273 3890 1383 3955 similis
1399 3896 1519 3953 senten·

501 4018 545 4081 tia
568 4022 614 4081 est
637 4014 727 4079 Nem.
752 4012 817 4078 vll
841 4015 883 4077 88
907 4013 1001 4094 coepta
1024 4012 1055 4075 δὲ
1076 4011 1197 4075 κλέπτει
1219 4007 1391 4088 παράγοισα
1409 4008 1517 4085 μύθοις.

547 4138 599 4199 53.
634 4134 785 4199 ἐπίλοιποι.
832 4131 961 4216 Proprie
983 4137 1030 4194 est
1051 4129 1182 4213 reliqui:
1212 4127 1271 4192 hoe
1294 4126 1362 4190 loco
1385 4124 1517 4209 posteri:

502 4255 591 4319 facile
604 4263 707 4318 antem
721 4252 906 4335 intelligitur
918 4251 1081 4334 utriusque
1093 4246 1327 4334 significationis
1339 4244 1517 4309 confinium.

502 4374 551 4440 Sic
576 4372 658 4460 apud
682 4370 883 4457 Sophoclem,
908 4369 1122 4446 Philonem,
1146 4366 1314 4432 τιὶπίλιιπιι
1335 4371 1392 4428 τῶν
1406 4361 1516 4444 λόγων,

501 4516 598 4579 qnnm
612 4492 733 4579 proprie
746 4491 786 4555 sit
797 4489 936 4579 reliquus
948 4510 1056 4566 sermo,
1069 4486 1131 4551 dici
1144 4485 1237 4549 etiam
1246 4491 1348 4572 potest
1356 4481 1516 4571 posterior.
