3725 5542
974 711 1039 770 toa

500 903 643 985 Ageaiam
666 901 783 967 invidia
804 926 944 988 pressum
967 905 1079 970 vidiaae
1099 906 1182 990 apud
1198 908 1278 970 cirea
1294 906 1516 991 Syracusanos,

500 1017 540 1082 ob
563 1018 709 1084 Hieronis
731 1018 815 1085 haud
838 1020 933 1085 dubie
957 1023 1124 1086 amicitiam
1147 1023 1239 1106 eique
1255 1023 1432 1107 praestitam
1448 1045 1518 1108 ope·

499 1157 580 1199 ram:
606 1136 663 1200 hac
685 1136 724 1200 de
747 1158 838 1200 causa
860 1137 936 1201 haec
959 1137 1127 1204 Pindarum
1151 1137 1315 1204 addidisse.
1363 1137 1449 1218 Quid
1464 1161 1518 1203 au·

499 1261 561 1317 tem
591 1253 630 1316 dc
662 1253 715 1317 illa
743 1255 873 1337 Agesiae
895 1255 988 1320 caede
1012 1263 1043 1318 ct
1065 1254 1183 1320 invidia
1205 1257 1432 1332 existimemus,
1453 1257 1514 1341 jam

498 1370 717 1455 explicavimus
747 1370 786 1433 ad
816 1393 851 1435 va
883 1374 946 1436 123
970 1395 1040 1456 pag.
1065 1375 1140 1436 898.
1188 1372 1256 1437 Hoc
1284 1371 1410 1456 quidem
1432 1395 1515 1437 nunc

499 1487 657 1564 addimus,
688 1489 801 1553 mirum
831 1489 927 1552 videri
956 1489 1063 1566 nobis,
1093 1491 1236 1574 Agcaiam
1260 1491 1394 1554 invisum
1418 1489 1514 1553 fuisse

499 1603 697 1688 Syracusanis
728 1614 853 1690 propter
882 1607 1048 1670 amicitiam
1073 1605 1240 1684 Hieronis,
1264 1608 1347 1691 ejus,
1372 1607 1427 1692 qui
1454 1615 1518 1670 erat

500 1741 552 1786 coe
583 1725 698 1802 καθαρῷ
727 1724 853 1802 σκάπτῳ
880 1723 1000 1805 διέπων,
1032 1721 1120 1802 ἄρτια
1149 1724 1318 1802 μηδόμενος.
1353 1722 1472 1788 Verum
1499 1744 1519 1787 a

500 1839 734 1902 scholiastarum
769 1861 894 1924 qaoque
923 1839 1126 1924 explicatione
1157 1840 1291 1905 disoedo.
1346 1839 1517 1905 &haerere

501 1956 576 2020 haec
607 1957 683 2021 mihi
713 1956 858 2021 videntur
888 1979 959 2021 cum
991 1957 1137 2023 Hieronis
1160 1960 1336 2024 laudatione
1359 1970 1391 2024 ct
1413 1961 1518 2024 referri

501 2074 541 2137 ad
562 2075 629 2158 ejus
652 2082 683 2138 et
706 2075 836 2158 Ageaiae
858 2075 1034 2139 amicitiam.
1082 2075 1278 2160 Comparatio
1298 2077 1367 2162 ipsa
1381 2078 1456 2140 sada
1471 2087 1518 2141 cat

501 2190 583 2255 clara
605 2200 636 2255 et
658 2191 836 2275 perspicua:
853 2199 889 2255 ut
903 2192 990 2256 navia
1005 2190 1125 2257 duabus
1141 2193 1262 2258 firmata
1275 2194 1418 2258 anchoris
1434 2193 1518 2258 haud

501 2306 590 2370 facile
620 2314 801 2392 tempaatatc
831 2315 1011 2390 quamn,
1044 2309 1088 2374 aic
1119 2309 1152 2374 in
1183 2311 1318 2374 amicitia
1348 2331 1415 2374 ease
1437 2311 1518 2374 ritae

502 2424 705 2509 praesidinm,
729 2427 756 2488 si
778 2427 895 2490 amicus
917 2425 1043 2512 adjuvet
1065 2429 1207 2492 amicum.

550 2546 624 2608 114.
658 2543 741 2608 τῶνδ’
773 2545 886 2608 ἐκείνων
920 2569 965 2609 τε.
1006 2544 1265 2629 Syracusanorum
1296 2553 1329 2608 ct
1359 2544 1518 2630 Stympha-

502 2659 626 2726 liorum.
1112 2733 1116 2742 ,

552 2779 626 2842 llo.
660 2775 844 2862 Neptunum
874 2778 1010 2842 invocari
1045 2785 1136 2862 putat
1162 2799 1243 2844 unua
1265 2777 1517 2856 scholiaatarum,

505 2895 590 2977 quod
620 2896 747 2979 Ageaiaa
777 2897 845 2980 ejua
875 2896 917 2959 ait
948 2896 1126 2980 progenies,
1150 2897 1266 2983 quippe
1289 2918 1326 2960 ex
1347 2895 1457 2975 Jamo,
1481 2918 1517 2960 ex

505 3010 650 3090 Evadne,
679 3035 716 3077 cx
743 3011 893 3098 Neptuno
924 3021 957 3078 ct
986 3013 1107 3078 Pitana.
1154 3013 1219 3077 Alii
1241 3015 1330 3079 πλόον
1352 3014 1519 3098 significari

505 3129 703 3196 crediderunt
732 3131 813 3194 vitae
842 3152 981 3195 cursum.
1026 3131 1162 3194 Omnino
1186 3129 1352 3214 significari
1374 3131 1517 3196 existimo

503 3249 730 3333 navigationem
759 3249 793 3314 in
821 3247 976 3326 Siciliam,
1008 3257 1040 3312 et
1070 3247 1253 3332 Neptunum
1276 3271 1338 3313 non
1361 3248 1451 3312 aliam
1475 3248 1516 3312 ob

503 3387 627 3430 causam
649 3365 798 3450 appellari
819 3367 881 3430 uiai
903 3366 977 3450 quia
999 3367 1041 3430 ait
1063 3365 1148 3432 Deua
1165 3367 1266 3431 maris.
1301 3365 1397 3446 Quod
1411 3377 1516 3430 autem

504 3481 688 3567 Neptunum
721 3482 818 3548 Poeta
846 3483 981 3567 appellet
1011 3483 1218 3568 Amphitritae
1247 3485 1410 3561 maritum,
1443 3491 1518 3548 aunt

503 3601 556 3684 qui
589 3601 621 3664 id
644 3609 769 3685 propter
790 3599 976 3685 singularem
1001 3623 1123 3666 causam
1146 3602 1212 3666 fieri
1235 3602 1428 3678 existiment,
1454 3603 1518 3666 aive

503 3724 540 3780 ut
569 3719 657 3800 quasi
687 3719 783 3782 comis
811 3727 843 3781 et
869 3719 1057 3803 tranquillus
1081 3727 1167 3804 pater
1189 3719 1321 3784 familiae
1343 3741 1517 3804 repracsen-

502 3843 603 3913 tetur,
634 3836 698 3900 aire
726 3845 762 3899 ut
784 3835 879 3901 Poeta
901 3858 974 3900 eum
996 3837 1284 3902 commemoratione
1307 3837 1447 3922 conjugia
1469 3859 1517 3902 oa·

501 3953 640 4018 riaaimc
669 3951 852 4018 demulceat.
897 3952 972 4017 Non
997 3955 1042 4019 ita
1065 3961 1120 4018 cat
1167 3952 1225 4018 Eat
1254 3953 1341 4039 epioo
1365 3975 1448 4019 more
1471 3955 1517 4019 ita

491 4069 623 4147 dictus,
647 4070 802 4155 quomodo
826 4071 908 4156 apud
931 4071 1100 4136 Homerum
1124 4071 1163 4135 Π.
1186 4070 1204 4134 Ι
1227 4073 1269 4136 86

638 4189 802 4256 Ἀπόλλωνι
824 4189 932 4253 ἄνακτι
955 4189 1004 4253 τὸν
1027 4189 1150 4266 ἠύκομος
1173 4187 1240 4254 τέκε
1263 4189 1369 4264 Λητώ·

501 4304 593 4372 Piud.
619 4303 673 4371 01.
695 4303 732 4370 Π
757 4307 819 4370 140

926 4421 1029 4503 Κρόνος
