3725 5542
829 707 892 768 819

408 909 480 974 175.
524 908 572 971 ὑπ’
606 906 719 985 ἀνδρῶν.
766 904 946 969 Karstenius
980 905 1085 971 mallet
1119 907 1267 993 scriptum
1300 929 1365 971 asse

359 1027 416 1092 ab?
439 1027 553 1105 ἀνδρῶν.
601 1025 697 1110 Cujus
720 1026 847 1089 rationis
871 1025 947 1089 mibi
970 1047 1033 1089 non
1055 1025 1166 1091 idonea
1188 1048 1279 1091 causa
1301 1048 1366 1089 csse

362 1145 491 1211 videtur.
538 1144 736 1229 Significatur
767 1144 881 1209 invidia
908 1144 1030 1209 laudem
1055 1146 1216 1223 invasisse,
1241 1147 1367 1231 ejusque

360 1264 493 1328 invidiae
516 1274 656 1328 auctores
679 1264 774 1328 fuisse
798 1262 1010 1348 significantur
1033 1264 1172 1329 homines
1196 1264 1365 1329 malesani.

360 1382 409 1446 Its
443 1382 567 1447 verbum
601 1384 731 1459 βαίνειν,
767 1384 792 1446 si
827 1405 862 1446 ea
897 1384 1080 1468 praepositio
1115 1382 1255 1461 additur,
1280 1384 1367 1468 quasi

361 1502 510 1587 passivam
534 1502 786 1587 significationem
816 1502 936 1587 accipit.
983 1501 1129 1567 Similiter
1152 1502 1304 1567 Homerus
1327 1502 1365 1567 Il.

359 1618 470 1685 11173

469 1738 533 1803 ἔνθα
555 1763 602 1804 κεν
624 1734 697 1803 αὖτε
721 1745 817 1819 Τρῶες
841 1737 1020 1819 Ἀριιῖφίλιιν
1042 1740 1092 1804 ὑπ’
1114 1737 1246 1821 Ἀχαιῶν

466 1856 554 1921 Ἴλιον
576 1856 780 1933 εἰσανέβησαν.

361 1973 465 2038 Potest
489 1984 592 2038 autem
615 1973 665 2039 bic
688 1983 771 2038 totus
795 1973 880 2038 locus
905 1974 949 2037 ita
964 1973 1123 2059 explicari,
1147 1997 1270 2039 monere
1285 1975 1369 2039 volu·

363 2094 421 2157 isse
444 2092 587 2172 Poetam‚
612 2094 707 2158 solere
723 2092 845 2158 laudem
863 2115 927 2157 esse
944 2093 1107 2158 obnoxiam
1124 2094 1273 2158 invidiae:
1297 2116 1369 2178 ergo

362 2211 532 2276 'l'beronem
564 2233 686 2295 quoque
717 2212 748 2275 in
782 2234 961 2275 vesanorum
994 2234 1083 2297 posse
1105 2212 1258 2276 incurrere
1280 2210 1369 2274 odia:

363 2340 394 2393 et
416 2336 517 2393 tamen
549 2331 614 2414 ejus
644 2328 751 2394 laudes
783 2328 927 2394 audacter
950 2353 1015 2395 essa
1037 2329 1249 2418 celebrandas,
1273 2350 1368 2413 quum

362 2447 496 2533 ejusdcm
529 2448 687 2513 benefacta
722 2471 883 2514 numerum
918 2470 1025 2513 arenae
1053 2457 1208 2534 superent.
1254 2448 1292 2512 In
1315 2448 1369 2512 tali

365 2568 516 2631 sententia
550 2568 690 2631 universa
724 2568 921 2653 proponenda
956 2570 1046 2632 etiam
1071 2568 1202 2633 aoristus
1226 2568 1368 2653 ponitur,

363 2685 448 2749 velut
471 2686 564 2770 hujus
587 2686 684 2771 ipsius
707 2688 805 2765 verbi,
831 2710 864 2750 vs
890 2689 942 2751 64.
990 2686 1030 2750 llt
1045 2687 1169 2751 omuino
1182 2694 1267 2751 totus
1282 2686 1368 2751 locus

363 2804 494 2869 colorem
518 2805 611 2870 babet
634 2807 803 2871 sent-entiae
826 2808 1005 2884 universae,
1029 2828 1125 2890 quum
1146 2807 1235 2870 stiam
1254 2829 1287 2869 vs
1307 2808 1366 2872 177

364 2924 485 2989 dicatur
519 2924 633 2989 invidia
667 2924 837 2989 obtrectare
871 2924 1014 2990 laudibus
1044 2924 1210 3003 bonorum,
1242 2946 1370 2989 numero

364 3042 486 3128 plurali.
533 3042 641 3129 Neque
673 3043 850 3129 hujusmodi
881 3042 1050 3109 recordatio
1081 3042 1254 3128 fragilitatis
1286 3041 1370 3126 ejas,

367 3184 445 3247 quae
469 3160 644 3226 felicitatem
668 3170 698 3226 et
721 3163 850 3247 gloriam
873 3161 1053 3227 labefactare
1076 3161 1187 3248 possit,
1214 3159 1371 3224 aPindari

365 3302 448 3345 mora
471 3280 570 3345 aliena
593 3290 647 3345 est.
694 3280 825 3358 Tamen,
850 3302 1036 3365 quamquam
1059 3281 1200 3344 universa
1215 3279 1370 3356 dicautur,

365 3408 396 3462 et
418 3399 592 3464 nominetur
614 3421 720 3476 nemo,
746 3398 785 3463 ad
807 3406 918 3463 certam
941 3397 1095 3482 quandam
1110 3397 1275 3475 invidiam,
1293 3418 1371 3480 quaa

364 3516 497 3583 'lberoni
520 3516 691 3596 obstiterit,
715 3518 823 3604 respici
847 3518 984 3583 ridetur:
1008 3518 1070 3582 aive
1091 3515 1299 3602 quorundam,
1317 3514 1371 3598 qui

365 3658 432 3701 eum
456 3634 584 3700 Hieroni
607 3636 747 3701 odiosum
770 3636 894 3701 reddere
907 3636 1077 3700 voluerint:
1103 3636 1184 3712 sive,
1209 3633 1291 3720 quod
1308 3634 1372 3698 veri

364 3755 495 3819 similius
529 3755 686 3833 existimo,
723 3754 835 3841 Capyis
859 3764 890 3821 at
914 3754 1127 3841 Hippocratis,
1162 3754 1216 3839 qni
1244 3753 1371 3817 summis

363 3873 401 3939 ab
432 3896 467 3937 eo
499 3873 651 3940 beneficiis
679 3876 778 3940 ornati
804 3874 943 3939 luissent.
989 3874 1036 3939 De
1060 3872 1171 3959 quibus
1194 3872 1304 3949 rebus,
1327 3873 1373 3936 ita

364 4002 399 4057 ut
422 3994 527 4080 potui,
551 3994 583 4057 in
608 3994 738 4058 introitu
760 3993 902 4079 explicui.

410 4114 482 4178 176.
517 4111 550 4175 τὸ
572 4120 748 4190 λαλαγῆσαι
770 4113 867 4177 θέλων.
903 4112 992 4178 Ηιιιιιι
1015 4112 1270 4175 constructionem
1291 4108 1368 4173 Her·

363 4252 473 4295 manno
497 4230 644 4295 Graecam
668 4254 732 4295 esse
755 4232 879 4316 neganti
900 4230 1082 4295 Karstenins
1101 4230 1273 4294 assentitur.
1309 4227 1367 4292 Va

363 4358 533 4415 rumtamsn
558 4349 693 4435 ejusdcm
716 4348 854 4435 exempla
876 4357 965 4427 sunt,
989 4348 1082 4434 Soph.
1108 4351 1180 4413 dut.
1205 4350 1269 4411 312

530 4472 580 4561 ρύκ
598 4468 631 4547 ἐξ
651 4466 782 4541 ἅπαντας
805 4468 849 4534 δεῖ
868 4470 902 4533 τὸ
923 4468 1075 4549 κερδαίνειν
1096 4473 1203 4549 Φιλεῑν.
