3725 5542
1009 722 1051 781 42

519 938 588 981 eum
612 918 716 981 labore
740 928 826 1003 parte
849 920 927 983 est.”
941 922 964 1002 ¹)
1010 919 1149 985 Chromii
1172 922 1301 986 Aetnaei
1327 921 1433 986 laudes
1456 923 1533 986 cele·

518 1031 676 1111 braturus;
701 1035 879 1122 „Principia
903 1037 1036 1101 Deorum
1060 1048 1135 1103 suut
1157 1040 1258 1123 posita
1276 1060 1348 1103 cum
1367 1039 1453 1102 illius
1474 1040 1531 1101 viri

518 1150 679 1216 laudibus:
704 1162 751 1217 cst
773 1156 805 1219 in
831 1155 975 1220 felicitate
999 1157 1098 1221 omnis
1117 1156 1233 1239 gloriae
1253 1157 1426 1241 fastigium:
1448 1180 1531 1240 mag-

518 1290 627 1333 norum
662 1273 866 1355 praemiorum
902 1273 994 1337 Musa
1025 1274 1198 1338 meminisse
1227 1275 1379 1355 emat.’'⁹)
1415 1274 1532 1338 Verum

519 1386 654 1471 ipserum
684 1388 792 1453 barum
820 1391 1017 1455 victoriarum
1039 1390 1147 1455 laudae
1170 1393 1196 1455 si
1219 1392 1349 1456 velimus
1372 1393 1533 1476 persequi,

520 1504 659 1583 nullum,
685 1516 720 1570 ut
742 1506 832 1571 facile
854 1508 1055 1592 intelligitur,
1080 1508 1206 1572 Pindari
1229 1532 1351 1573 carmen
1369 1532 1433 1573 non
1451 1532 1535 1573 com·

518 1623 749 1688 memorandum
772 1626 822 1689 sit.
858 1625 962 1689 Peuce
984 1636 1084 1690 umen
1109 1634 1141 1690 et
1163 1626 1195 1689 iu
1219 1626 1375 1711 prooemio
1398 1634 1430 1690 et
1448 1650 1533 1691 nuuc

516 1740 631 1805 idcirco
654 1743 846 1819 monuimus,
867 1744 1028 1826 quoniam,
1048 1744 1109 1807 nisi
1127 1744 1354 1829 intelligamus,
1376 1753 1532 1830 praestan·

515 1858 664 1922 tissimum
694 1859 788 1923 fuisse
817 1860 961 1925 ludorum
992 1861 1122 1945 glorium
1149 1884 1184 1926 ac
1212 1861 1392 1926 Pindaricae
1421 1863 1530 1927 Musae

517 1978 679 2061 praeconio
715 1978 943 2064 diguissimam,
979 1981 1047 2065 ipsa
1078 1981 1204 2044 Pindari
1234 1981 1385 2065 sapientie
1414 1982 1531 2065 percipi

518 2094 607 2158 nullo
628 2096 720 2161 modo
744 2105 854 2182 potest.

561 2212 684 2278 Etenim
715 2215 975 2297 quemadmodum
1005 2239 1075 2280 cum
1103 2224 1190 2280 tanta
1212 2217 1412 2281 certaminum
1437 2214 1529 2280 laude

517 2329 686 2396 multarum
708 2332 816 2398 laudes
838 2334 990 2399 umatum
1012 2335 1194 2419 conjunctae
1217 2334 1360 2411 luerunt,
1381 2336 1425 2398 sio
1441 2343 1533 2419 poeta

517 2472 583 2514 eam
614 2473 685 2515 cum
715 2450 903 2536 reliquarum
935 2453 1085 2516 mentum
1115 2452 1260 2516 laudibus
1289 2460 1321 2515 et
1347 2451 1531 2516 celebrando

516 2568 673 2652 copulavit
703 2576 734 2631 et
764 2569 1016 2633 commendando.
1062 2568 1105 2632 Et
1134 2570 1333 2633 arctissimam
1363 2570 1397 2633 in
1425 2569 1532 2654 primis

517 2686 584 2749 leus
607 2685 726 2750 ludicre
748 2708 819 2750 cum
842 2686 933 2751 leude
956 2686 1066 2751 bellice
1088 2687 1302 2770 cognationem
1315 2685 1418 2751 babet.
1441 2686 1532 2749 Utra·

517 2827 577 2887 que
606 2806 748 2889 corporis·
770 2805 865 2869 robur
892 2811 923 2868 et
946 2804 1211 2880 exercitationem,
1237 2804 1330 2867 animi
1354 2826 1425 2867 vero
1447 2804 1533 2867 lorti·

517 2923 657 2989 tudinem
680 2923 739 2988 sibi
762 2923 914 2988 vindicet:
939 2925 971 2987 in
996 2931 1126 3007 eumue
1148 2932 1305 3007 praeterea
1323 2922 1444 3007 paritur
1460 2921 1533 2985 Hel·

516 3040 580 3105 ladi
617 3040 720 3105 decue.
767 3040 948 3105 Delectatus
987 3040 1163 3105 Herodotus
1191 3046 1245 3104 'cst
1278 3040 1405 3105 fortium
1439 3040 1532 3103 laude

516 3159 668 3236 virorum,
685 3158 739 3241 qui
755 3158 902 3222 Graeciae
916 3158 1087 3222 libertatem
1103 3181 1123 3221 a
1138 3158 1335 3223 barbarorum
1352 3158 1533 3221 incursioni·

517 3278 574 3342 bus
596 3276 787 3341 liberassent.
824 3278 988 3355 Attamen,
1011 3277 1037 3339 si
1060 3276 1099 3340 ab
1122 3299 1158 3341 ea
1179 3274 1335 3353 discedas,
1359 3273 1409 3339 vix
1436 3297 1533 3357 quan-

517 3418 610 3479 quam
632 3396 770 3460 invenias
778 3444 787 3473 ,
809 3417 901 3479 quem
918 3395 1076 3460 lubentius
1092 3394 1320 3471 memoraverit,
1337 3416 1431 3477 quam
1446 3416 1532 3470 eam,

515 3536 594 3597 quae
624 3514 752 3579 ludicris
783 3521 862 3578 essu
893 3514 1030 3578 victoriis
1053 3521 1150 3598 perta
1198 3510 1318 3591 Quidni
1340 3534 1413 3596 crgo
1437 3512 1533 3597 hujus

517 3654 626 3718 praeco
650 3632 781 3697 vicissim
806 3632 897 3697 etiam
914 3632 999 3696 illem
1016 3630 1193 3717 praedicet?
1215 3630 1361 3695 Hieronis
1376 3630 1409 3693 iu
1425 3630 1534 3714 primis

516 3750 660 3816 laudetur
682 3752 758 3815 luit:
784 3773 819 3814 ac
841 3751 948 3816 multis
970 3750 1022 3814 bic
1045 3772 1118 3813 sane
1140 3748 1267 3812 ludicris
1291 3747 1427 3811 victoriis
1447 3768 1536 3810 orua-

515 3880 646 3934 tuaest.
687 3868 773 3933 Idem
799 3890 869 3932 vero
893 3870 985 3932 armis
1007 3868 1124 3952 patriae
1147 3887 1221 3929 suae
1244 3866 1377 3948 quietem
1403 3864 1532 3948 paravit.

516 3986 575 4051 Cui
600 3994 707 4070 po'e‘ta:
747 3986 830 4063 „⁹1'e,
854 3982 1036 4049 Dinomenis
1060 3984 1123 4059 fili,
1147 3983 1296 4067 Zephyrio
1319 3981 1427 4044 Locris
1446 3982 1535 4064 virgo

514 4106 606 4169 durno
637 4126 757 4192 egressa
787 4103 911 4179 laudet,
944 4099 1162 4166 edifficilibus
1186 4099 1352 4164 hostilibus
1375 4098 1536 4164 laboribus

516 4233 641 4309 propter
664 4230 734 4287 tues
758 4224 836 4287 vires
852 4220 1108 4303 tranquillitatem
1125 4217 1247 4282 nacte.'’
1259 4217 1284 4299 ³)
1307 4216 1409 4300 Inque
1425 4215 1533 4280 eodem

554 4512 578 4567 ι)
598 4510 635 4559 οι.
656 4510 698 4560 rr.
717 4509 756 4561 15.
856 4509 882 4567 e)
901 4508 966 4557 uene
983 4506 1005 4553 1.
1024 4505 1063 4557 ιι.
1164 4504 1190 4565 a)
1207 4502 1250 4567 νς.
1266 4501 1304 4550 η.
1321 4500 1362 4551 aa
