3725 5542
976 720 1042 781 288

544 922 617 984 178.
651 920 747 985 ἐλθὼν.
782 918 862 983 Sunt
885 919 940 1002 qui
963 918 1100 1003 polliceri
1121 918 1247 983 Poetam
1267 920 1463 999 existiment,
1482 944 1516 986 11

495 1037 595 1121 ipsum
619 1046 789 1123 spectatum
814 1044 979 1101 venturum
1000 1036 1189 1122 Olympiam:
1211 1060 1317 1101 rernm
1333 1038 1513 1123 hujusmodi

496 1157 648 1221 sententia
682 1156 807 1220 omnino
843 1155 918 1219 mihi
954 1155 1075 1219 ridetur
1105 1157 1245 1241 argutior
1276 1179 1371 1241 qnam
1403 1158 1512 1224 aerior.

497 1273 665 1339 Victoriam
694 1281 781 1359 optat
807 1273 921 1351 Poeta,
950 1296 1073 1339 carmen
1095 1296 1187 1339 suum
1211 1276 1239 1339 ei
1263 1274 1429 1359 pollicetur
1452 1277 1513 1341 vic·

495 1394 608 1457 toriae:
650 1392 746 1476 igitur
787 1391 846 1456 sibi
887 1399 1075 1477 representat
1116 1399 1148 1456 et
1191 1392 1297 1458 laudat
1329 1393 1432 1478 ipsum
1468 1394 1512 1458 lo·

495 1531 583 1587 cunr,
618 1509 672 1573 ubi
699 1508 842 1573 carminis
877 1509 926 1572 via
960 1508 1145 1573 invenienda
1173 1510 1223 1574 sit.
1269 1509 1389 1575 Similia
1410 1510 1510 1575 multa

494 1628 526 1690 in
557 1626 709 1690 Pindaro:
742 1626 825 1690 velut
855 1625 950 1711 hujus
981 1628 1126 1691 carminis
1156 1650 1191 1691 va
1216 1630 1276 1706 16,
1306 1626 1357 1693 Ol.
1382 1627 1429 1691 VI
1456 1631 1510 1693 37.

493 1744 642 1810 Cronium
665 1766 759 1829 prope
783 1743 870 1809 Altin
893 1744 969 1823 fuit,
993 1754 1030 1810 ut
1049 1754 1198 1810 memorat
1218 1745 1386 1811 Pausanias
1406 1746 1444 1811 L.
1464 1746 1511 1810 VI

493 1862 528 1926 Ο.
556 1862 635 1927 XIX
666 1866 701 1941 1,
726 1862 761 1927 G.
785 1862 848 1927 XX
875 1867 903 1929 l.
951 1864 1040 1930 conf.
1069 1864 1508 1943 01.vao,v1110,1x

493 1987 532 2058 4,
564 1990 594 2045 ct
618 1980 647 2045 X
673 1984 734 2060 59,
762 1982 816 2047 ubi
840 1982 990 2047 Hercules
1014 1992 1156 2048 narratur
1180 1991 1317 2047 montem
1341 1983 1436 2049 Croni
1459 2006 1511 2069 ap-

494 2100 639 2184 pellasse,
665 2100 748 2185 prius
772 2124 868 2185 quum
891 2102 1015 2166 nomine
1039 2102 1188 2166 caruisset
1210 2102 1282 2165 nire
1304 2102 1445 2167 obrutus.

496 2254 504 2271 ι
540 2221 613 2284 179.
648 2218 747 2296 βέλος.
782 2217 965 2305 Saepissime
984 2220 1043 2285 hoc
1060 2220 1212 2284 vocabulo
1232 2219 1387 2284 Pindarus
1406 2221 1508 2285 1111111

492 2337 524 2400 11
559 2336 759 2421 significanda
793 2338 895 2421 poesi,
930 2337 1017 2403 velot
1051 2335 1103 2400 Ol.
1134 2336 1169 2401 Π
1203 2340 1283 2416 150,
1317 2339 1399 2420 111,
1429 2339 1508 2423 163.

491 2454 590 2537 ’Λλκᾷ
614 2476 684 2518 cum
708 2454 799 2519 verbo
820 2455 942 2537 τρέφει,
974 2476 1037 2518 non
1059 2476 1130 2519 cum
1154 2453 1306 2539 adjectivo
1328 2455 1509 2535 καρτερώτα-

489 2597 538 2637 roa
557 2574 701 2658 junctum
725 2573 857 2638 videtur.
1487 2632 1494 2644 .

416 2686 418 2692 ⁸
537 2693 612 2754 182.
646 2692 761 2768 μηκέτι.
797 2690 926 2755 Minime
950 2688 1074 2775 quidem
1091 2695 1233 2774 apparet,
1249 2686 1419 2752 Pindarum
1435 2686 1509 2751 Hie·

490 2830 595 2873 roncm
627 2807 759 2872 voluisse
790 2808 829 2873 ob
861 2808 995 2892 aliquam
1027 2806 1203 2892 superbiam
1230 2804 1452 2890 reprehendere
1476 2812 1507 2868 11

492 2926 529 2991 ab
560 2950 595 2991 ea
617 2948 775 2991 revocare:
806 2924 837 2989 id
863 2925 945 3009 qnod
969 2923 1113 2990 nonnulli
1137 2932 1257 3009 putant.
1303 2922 1421 2987 Contra
1441 2922 1508 2986 lan·

490 3045 592 3110 dando
627 3045 713 3110 effert
749 3044 902 3109 fortunam
937 3043 1121 3122 humanam,
1157 3041 1213 3106 sed
1241 3041 1304 3119 ita,
1334 3048 1372 3106 nt
1402 3046 1506 3104 tamen

490 3165 608 3249 aliquid
639 3164 721 3229 dicat
752 3186 817 3229 esse
848 3172 1038 3229 extremum:
1066 3163 1125 3227 hoc
1150 3170 1253 3226 antem
1277 3183 1374 3245 quum
1398 3182 1505 3246 regum

489 3285 543 3363 sit,
568 3284 731 3369 contigisse
755 3282 787 3348 id
810 3282 955 3361 Hieroni,
979 3304 1036 3346 nec
1059 3281 1231 3366 quidquam
1246 3281 1311 3365 jam
1330 3301 1425 3366 supra
1440 3300 1506 3344 ease

488 3424 550 3486 quo
574 3409 709 3488 spectare
733 3403 841 3487 possit.

536 3500 609 3583 184.
643 3526 743 3585 τοῦτον
764 3519 876 3600 χρόνον.
906 3517 976 3581 Hoc
995 3526 1117 3600 tempus
1138 3515 1307 3599 significat,
1323 3512 1407 3596 qnod
1424 3514 1504 3578 11111

488 3638 642 3721 reliquum
668 3638 766 3715 vitae,
795 3636 844 3700 cui
868 3636 996 3699 11111111
1014 3635 1078 3719 jam
1102 3639 1281 3717 perpetuam
1308 3630 1429 3695 laudem
1453 3630 1505 3694 ad·

473 3756 618 3823 diderat.

534 3878 608 3940 186.
632 3874 766 3941 τοσσάδε.
790 3872 863 3938 Non
881 3872 925 3937 ita
940 3871 1050 3957 respici
1066 3870 1189 3934 videtur
1205 3868 1245 3932 ad
1264 3874 1366 3934 τοῦτον
1384 3866 1501 3950 χρόνον,

489 4003 523 4059 11
552 3994 649 4059 Poeta
679 3992 739 4057 sibi
770 4013 865 4075 aeque
896 3990 1076 4054 diutnmam
1102 3987 1231 4073 gloriam
1254 3993 1359 4071 optet,
1384 3984 1439 4049 sed
1462 3983 1502 4047 ad

485 4115 560 4193 ὑψοῦ
593 4120 716 4177 marala:
753 4110 865 4195 pariter
899 4118 992 4193 atque
1024 4107 1154 4171 Hieroni
1185 4125 1336 4170 summam
1367 4104 1501 4188 regiam,

483 4231 541 4295 sibi
558 4232 708 4317 poeticam
724 4228 853 4314 gloriam
870 4248 1045 4291 mansuram
1060 4232 1166 4311 optat,
1191 4222 1354 4288 oriundam
1369 4221 1502 4286 maxime

483 4373 499 4414 e
530 4348 729 4414 dilectissimo
761 4347 819 4412 sibi
850 4347 1021 4411 carminum
1046 4366 1174 4429 genere,
1199 4340 1282 4426 quod
1307 4340 1347 4405 ad
1370 4340 1501 4405 victores

484 4467 635 4531 ornandos
671 4469 830 4553 pertineat.
885 4463 985 4546 Σοφία
1025 4464 1085 4527 fere
1119 4461 1157 4525 de
1193 4459 1277 4545 poesi
1314 4482 1332 4522 a
1368 4456 1502 4521 Pindaro
