<?xml version="1.0" encoding="UTF-8"?>
<!DOCTYPE html PUBLIC "-//W3C//DTD XHTML 1.0 Transitional//EN"
    "http://www.w3.org/TR/xhtml1/DTD/xhtml1-transitional.dtd">
<html xmlns="http://www.w3.org/1999/xhtml" xml:lang="en" lang="en">
 <head>
  <title>
</title>
<meta http-equiv="Content-Type" content="text/html;charset=utf-8" />
  <meta name='ocr-system' content='tesseract 3.04.00' />
  <meta name='ocr-capabilities' content='ocr_page ocr_carea ocr_par ocr_line ocrx_word'/>
</head>
<body>
  <div class='ocr_page' id='page_1' title='image "./pindaricarminao01pindgoog_0303.png"; bbox 0 0 3725 5542; ppageno 0'>
   <div class='ocr_carea' id='block_1_1' title="bbox 823 730 886 790">
    <p class='ocr_par' dir='ltr' id='par_1_1' title="bbox 823 730 886 790">
     <span class='ocr_line' id='line_1_1' title="bbox 823 730 886 790; baseline 0.016 -1"><span class='ocrx_word' id='word_1_1' title='bbox 823 730 886 790; x_wconf 79' lang='lat'>289</span> 
     </span>
    </p>
   </div>
   <div class='ocr_carea' id='block_1_2' title="bbox 343 927 1358 1245">
    <p class='ocr_par' dir='ltr' id='par_1_2' title="bbox 343 927 1358 1245">
     <span class='ocr_line' id='line_1_2' title="bbox 343 927 1357 1017; baseline 0.007 -26"><span class='ocrx_word' id='word_1_2' title='bbox 343 927 473 992; x_wconf 86' lang='lat' dir='ltr'>dicitur:</span> <span class='ocrx_word' id='word_1_3' title='bbox 506 928 586 992; x_wconf 85' lang='lat' dir='ltr'>conf.</span> <span class='ocrx_word' id='word_1_4' title='bbox 619 952 652 992; x_wconf 94' lang='lat' dir='ltr'>vs</span> <span class='ocrx_word' id='word_1_5' title='bbox 685 931 743 991; x_wconf 81' lang='lat'>15:</span> <span class='ocrx_word' id='word_1_6' title='bbox 776 928 814 991; x_wconf 91' lang='lat' dir='ltr'>de</span> <span class='ocrx_word' id='word_1_7' title='bbox 846 929 913 1013; x_wconf 92' lang='lat' dir='ltr'>ipsa</span> <span class='ocrx_word' id='word_1_8' title='bbox 943 930 1061 993; x_wconf 87' lang='lat' dir='ltr'>musica</span> <span class='ocrx_word' id='word_1_9' title='bbox 1093 930 1357 1017; x_wconf 86' lang='lat' dir='ltr'>aXerropbonte,</span> 
     </span>
     <span class='ocr_line' id='line_1_3' title="bbox 343 1043 1358 1131; baseline 0.007 -23"><span class='ocrx_word' id='word_1_10' title='bbox 343 1045 443 1110; x_wconf 82' lang='lat' dir='ltr'>Anab.</span> <span class='ocrx_word' id='word_1_11' title='bbox 467 1044 503 1109; x_wconf 90' lang='lat' dir='ltr'>L.</span> <span class='ocrx_word' id='word_1_12' title='bbox 529 1044 545 1108; x_wconf 96' lang='lat' dir='ltr'>I</span> <span class='ocrx_word' id='word_1_13' title='bbox 569 1043 603 1111; x_wconf 83' lang='lat' dir='ltr'>O.</span> <span class='ocrx_word' id='word_1_14' title='bbox 628 1044 662 1109; x_wconf 95' lang='grc' dir='ltr'>Π</span> <span class='ocrx_word' id='word_1_15' title='bbox 687 1047 705 1107; x_wconf 90' lang='grc'>8</span> <span class='ocrx_word' id='word_1_16' title='bbox 729 1045 853 1123; x_wconf 72' lang='grc' dir='ltr'>λέγεται</span> <span class='ocrx_word' id='word_1_17' title='bbox 876 1046 1034 1112; x_wconf 76' lang='grc' dir='ltr'>Ἀπόλλων</span> <span class='ocrx_word' id='word_1_18' title='bbox 1056 1047 1177 1129; x_wconf 68' lang='grc' dir='ltr'>ἐκδεῖραι</span> <span class='ocrx_word' id='word_1_19' title='bbox 1195 1051 1358 1131; x_wconf 70' lang='grc' dir='ltr'>Μαρσύαν,</span> 
     </span>
     <span class='ocr_line' id='line_1_4' title="bbox 343 1162 888 1245; baseline -0.002 -17"><span class='ocrx_word' id='word_1_20' title='bbox 343 1165 461 1239; x_wconf 72' lang='grc' dir='ltr'>νικήσας</span> <span class='ocrx_word' id='word_1_21' title='bbox 484 1162 609 1244; x_wconf 66' lang='grc' dir='ltr'>ἐρίζοντά</span> <span class='ocrx_word' id='word_1_22' title='bbox 632 1164 657 1228; x_wconf 85' lang='lat' dir='ltr'>ol</span> <span class='ocrx_word' id='word_1_23' title='bbox 679 1163 742 1245; x_wconf 74' lang='grc' dir='ltr'><strong>περὶ</strong></span> <span class='ocrx_word' id='word_1_24' title='bbox 769 1166 888 1245; x_wconf 71' lang='grc' dir='ltr'>σοφίας.</span> 
     </span>
    </p>
   </div>
   <div class='ocr_carea' id='block_1_3' title="bbox 715 1632 991 1699">
    <p class='ocr_par' dir='ltr' id='par_1_3' title="bbox 715 1632 991 1699">
     <span class='ocr_line' id='line_1_5' title="bbox 715 1632 991 1699; baseline 0.007 -4"><span class='ocrx_word' id='word_1_25' title='bbox 715 1632 911 1699; x_wconf 83' lang='lat' dir='ltr'>OLYMPIA</span> <span class='ocrx_word' id='word_1_26' title='bbox 948 1634 991 1698; x_wconf 92' lang='grc' dir='ltr'>ΙΙ.</span> 
     </span>
    </p>
   </div>
   <div class='ocr_carea' id='block_1_4' title="bbox 340 1868 1372 4639">
    <p class='ocr_par' dir='ltr' id='par_1_4' title="bbox 340 1868 1364 2775">
     <span class='ocr_line' id='line_1_6' title="bbox 388 1868 1364 1955; baseline 0.002 -24"><span class='ocrx_word' id='word_1_27' title='bbox 388 1868 425 1932; x_wconf 92' lang='lat' dir='ltr'>In</span> <span class='ocrx_word' id='word_1_28' title='bbox 458 1868 574 1933; x_wconf 88' lang='lat' dir='ltr'>scholio</span> <span class='ocrx_word' id='word_1_29' title='bbox 606 1869 643 1933; x_wconf 89' lang='lat' dir='ltr'>ad</span> <span class='ocrx_word' id='word_1_30' title='bbox 668 1869 901 1954; x_wconf 79' lang='lat' dir='ltr'>inscriptionem</span> <span class='ocrx_word' id='word_1_31' title='bbox 924 1870 1069 1933; x_wconf 85' lang='lat' dir='ltr'>victoriae</span> <span class='ocrx_word' id='word_1_32' title='bbox 1093 1871 1178 1955; x_wconf 87' lang='lat' dir='ltr'>ejus,</span> <span class='ocrx_word' id='word_1_33' title='bbox 1203 1892 1281 1955; x_wconf 84' lang='lat' dir='ltr'>quae</span> <span class='ocrx_word' id='word_1_34' title='bbox 1304 1871 1364 1935; x_wconf 90' lang='lat' dir='ltr'>hoc</span> 
     </span>
     <span class='ocr_line' id='line_1_7' title="bbox 340 1982 1362 2072; baseline 0.007 -28"><span class='ocrx_word' id='word_1_35' title='bbox 340 1982 477 2047; x_wconf 82' lang='lat' dir='ltr'>carmine</span> <span class='ocrx_word' id='word_1_36' title='bbox 500 1982 661 2063; x_wconf 86' lang='lat' dir='ltr'>laudatur,</span> <span class='ocrx_word' id='word_1_37' title='bbox 686 1992 809 2070; x_wconf 88' lang='lat' dir='ltr'>tempus</span> <span class='ocrx_word' id='word_1_38' title='bbox 833 1986 960 2070; x_wconf 89' lang='lat' dir='ltr'>ponitur</span> <span class='ocrx_word' id='word_1_39' title='bbox 982 1983 1167 2072; x_wconf 89' lang='lat' dir='ltr'>Olympiade</span> <span class='ocrx_word' id='word_1_40' title='bbox 1191 1986 1362 2051; x_wconf 77' lang='lat' dir='ltr'>LXXVII:</span> 
     </span>
     <span class='ocr_line' id='line_1_8' title="bbox 342 2100 1364 2183; baseline 0.006 -20"><span class='ocrx_word' id='word_1_41' title='bbox 342 2101 376 2163; x_wconf 93' lang='lat' dir='ltr'>in</span> <span class='ocrx_word' id='word_1_42' title='bbox 400 2100 517 2165; x_wconf 85' lang='lat' dir='ltr'>sobolio</span> <span class='ocrx_word' id='word_1_43' title='bbox 540 2103 708 2167; x_wconf 78' lang='lat' dir='ltr'>recentiore</span> <span class='ocrx_word' id='word_1_44' title='bbox 731 2104 770 2167; x_wconf 92' lang='lat' dir='ltr'>ad</span> <span class='ocrx_word' id='word_1_45' title='bbox 794 2126 827 2167; x_wconf 86' lang='grc' dir='ltr'><strong>νε</strong></span> <span class='ocrx_word' id='word_1_46' title='bbox 853 2107 913 2167; x_wconf 93' lang='grc'><strong>166</strong></span> <span class='ocrx_word' id='word_1_47' title='bbox 934 2104 1064 2169; x_wconf 82' lang='lat' dir='ltr'>refertur</span> <span class='ocrx_word' id='word_1_48' title='bbox 1082 2127 1118 2169; x_wconf 88' lang='lat' dir='ltr'>ea</span> <span class='ocrx_word' id='word_1_49' title='bbox 1133 2105 1173 2170; x_wconf 84' lang='lat' dir='ltr'>ad</span> <span class='ocrx_word' id='word_1_50' title='bbox 1189 2103 1239 2169; x_wconf 94' lang='grc'><strong>01.</strong></span> <span class='ocrx_word' id='word_1_51' title='bbox 1256 2104 1364 2183; x_wconf 82' lang='lat' dir='ltr'><strong>Lxx,</strong></span> 
     </span>
     <span class='ocr_line' id='line_1_9' title="bbox 340 2220 1364 2308; baseline 0.007 -27"><span class='ocrx_word' id='word_1_52' title='bbox 340 2220 572 2304; x_wconf 84' lang='lat' dir='ltr'>computatione</span> <span class='ocrx_word' id='word_1_53' title='bbox 595 2244 720 2305; x_wconf 89' lang='lat' dir='ltr'>prorsus</span> <span class='ocrx_word' id='word_1_54' title='bbox 743 2223 922 2308; x_wconf 85' lang='lat' dir='ltr'>rejicienda:</span> <span class='ocrx_word' id='word_1_55' title='bbox 948 2225 980 2287; x_wconf 89' lang='lat' dir='ltr'>in</span> <span class='ocrx_word' id='word_1_56' title='bbox 1004 2224 1122 2287; x_wconf 87' lang='lat' dir='ltr'>scholio</span> <span class='ocrx_word' id='word_1_57' title='bbox 1145 2233 1246 2288; x_wconf 84' lang='lat' dir='ltr'>vetere</span> <span class='ocrx_word' id='word_1_58' title='bbox 1270 2224 1307 2288; x_wconf 84' lang='lat' dir='ltr'>ed</span> <span class='ocrx_word' id='word_1_59' title='bbox 1330 2248 1364 2288; x_wconf 90' lang='grc' dir='ltr'><strong>νε</strong></span> 
     </span>
     <span class='ocr_line' id='line_1_10' title="bbox 344 2337 1364 2421; baseline 0.008 -24"><span class='ocrx_word' id='word_1_60' title='bbox 344 2338 408 2397; x_wconf 93' lang='grc'><strong>166</strong></span> <span class='ocrx_word' id='word_1_61' title='bbox 441 2344 487 2399; x_wconf 88' lang='lat' dir='ltr'>est</span> <span class='ocrx_word' id='word_1_62' title='bbox 517 2340 531 2402; x_wconf 82' lang='grc'><strong>6</strong></span> <span class='ocrx_word' id='word_1_63' title='bbox 566 2337 595 2401; x_wconf 75' lang='grc' dir='ltr'>δὲ</span> <span class='ocrx_word' id='word_1_64' title='bbox 627 2341 725 2418; x_wconf 74' lang='grc' dir='ltr'><strong>Θήρων</strong></span> <span class='ocrx_word' id='word_1_65' title='bbox 747 2342 789 2409; x_wconf 72' lang='lat' dir='ltr'>oe‘</span> <span class='ocrx_word' id='word_1_66' title='bbox 813 2340 829 2416; x_wconf 73' lang='grc' dir='ltr'>ἢ</span> <span class='ocrx_word' id='word_1_67' title='bbox 852 2340 893 2421; x_wconf 76' lang='grc' dir='ltr'>νζ</span> <span class='ocrx_word' id='word_1_68' title='bbox 916 2340 1045 2416; x_wconf 78' lang='grc' dir='ltr'><strong>ἐνίκησε,</strong></span> <span class='ocrx_word' id='word_1_69' title='bbox 1069 2349 1224 2405; x_wconf 84' lang='lat' dir='ltr'>ettamen</span> <span class='ocrx_word' id='word_1_70' title='bbox 1249 2341 1364 2405; x_wconf 87' lang='lat' dir='ltr'>ibidem</span> 
     </span>
     <span class='ocr_line' id='line_1_11' title="bbox 344 2456 1364 2541; baseline 0.005 -24"><span class='ocrx_word' id='word_1_71' title='bbox 344 2456 375 2518; x_wconf 93' lang='lat' dir='ltr'>in</span> <span class='ocrx_word' id='word_1_72' title='bbox 409 2456 637 2539; x_wconf 83' lang='lat' dir='ltr'>computatione</span> <span class='ocrx_word' id='word_1_73' title='bbox 669 2458 796 2541; x_wconf 92' lang='lat' dir='ltr'>ponitur</span> <span class='ocrx_word' id='word_1_74' title='bbox 826 2458 876 2524; x_wconf 89' lang='lat' dir='ltr'>Ol.</span> <span class='ocrx_word' id='word_1_75' title='bbox 908 2458 1057 2524; x_wconf 86' lang='lat' dir='ltr'><strong>LXXVI.</strong></span> <span class='ocrx_word' id='word_1_76' title='bbox 1100 2460 1188 2524; x_wconf 90' lang='lat' dir='ltr'>Idem</span> <span class='ocrx_word' id='word_1_77' title='bbox 1219 2482 1364 2524; x_wconf 89' lang='lat' dir='ltr'>numerus</span> 
     </span>
     <span class='ocr_line' id='line_1_12' title="bbox 342 2571 1362 2659; baseline 0.004 -24"><span class='ocrx_word' id='word_1_78' title='bbox 342 2571 506 2636; x_wconf 83' lang='lat' dir='ltr'>manifesto</span> <span class='ocrx_word' id='word_1_79' title='bbox 529 2574 724 2659; x_wconf 86' lang='lat' dir='ltr'>reponendus</span> <span class='ocrx_word' id='word_1_80' title='bbox 747 2584 795 2639; x_wconf 90' lang='lat' dir='ltr'>est</span> <span class='ocrx_word' id='word_1_81' title='bbox 816 2577 849 2641; x_wconf 90' lang='lat' dir='ltr'>in</span> <span class='ocrx_word' id='word_1_82' title='bbox 873 2576 992 2641; x_wconf 91' lang='lat' dir='ltr'>scholio</span> <span class='ocrx_word' id='word_1_83' title='bbox 1015 2575 1094 2641; x_wconf 90' lang='lat' dir='ltr'>Urat</span> <span class='ocrx_word' id='word_1_84' title='bbox 1118 2579 1147 2641; x_wconf 82' lang='lat' dir='ltr'>A</span> <span class='ocrx_word' id='word_1_85' title='bbox 1167 2577 1206 2641; x_wconf 85' lang='lat' dir='ltr'>ad</span> <span class='ocrx_word' id='word_1_86' title='bbox 1225 2600 1259 2640; x_wconf 91' lang='grc' dir='ltr'>νε</span> <span class='ocrx_word' id='word_1_87' title='bbox 1282 2579 1362 2655; x_wconf 89' lang='grc'><strong>168,</strong></span> 
     </span>
     <span class='ocr_line' id='line_1_13' title="bbox 343 2688 1091 2775; baseline 0.008 -22"><span class='ocrx_word' id='word_1_88' title='bbox 343 2690 396 2755; x_wconf 91' lang='lat' dir='ltr'>ubi</span> <span class='ocrx_word' id='word_1_89' title='bbox 422 2697 467 2754; x_wconf 88' lang='lat' dir='ltr'>est</span> <span class='ocrx_word' id='word_1_90' title='bbox 490 2690 571 2755; x_wconf 74' lang='lat' dir='ltr'>laiac</span> <span class='ocrx_word' id='word_1_91' title='bbox 593 2688 639 2757; x_wconf 78' lang='grc' dir='ltr'>οὖν</span> <span class='ocrx_word' id='word_1_92' title='bbox 663 2694 717 2775; x_wconf 80' lang='grc' dir='ltr'>ις’,</span> <span class='ocrx_word' id='word_1_93' title='bbox 742 2701 823 2757; x_wconf 86' lang='lat' dir='ltr'>recte</span> <span class='ocrx_word' id='word_1_94' title='bbox 846 2704 1017 2757; x_wconf 84' lang='lat' dir='ltr'>correctum</span> <span class='ocrx_word' id='word_1_95' title='bbox 1039 2694 1091 2762; x_wconf 75' lang='grc' dir='ltr'><strong>σε’.</strong></span> 
     </span>
    </p>

    <p class='ocr_par' dir='ltr' id='par_1_5' title="bbox 343 2807 1371 3837">
     <span class='ocr_line' id='line_1_14' title="bbox 388 2807 1364 2895; baseline 0.007 -25"><span class='ocrx_word' id='word_1_96' title='bbox 388 2807 520 2873; x_wconf 86' lang='lat' dir='ltr'>Difficile</span> <span class='ocrx_word' id='word_1_97' title='bbox 553 2816 599 2873; x_wconf 89' lang='lat' dir='ltr'>est</span> <span class='ocrx_word' id='word_1_98' title='bbox 631 2809 705 2874; x_wconf 85' lang='lat' dir='ltr'>haec</span> <span class='ocrx_word' id='word_1_99' title='bbox 737 2810 912 2875; x_wconf 84' lang='lat' dir='ltr'>testimonia</span> <span class='ocrx_word' id='word_1_100' title='bbox 935 2812 978 2875; x_wconf 84' lang='lat' dir='ltr'>ita</span> <span class='ocrx_word' id='word_1_101' title='bbox 1002 2810 1191 2895; x_wconf 89' lang='lat' dir='ltr'>ponderare,</span> <span class='ocrx_word' id='word_1_102' title='bbox 1224 2820 1258 2875; x_wconf 88' lang='lat' dir='ltr'>ut</span> <span class='ocrx_word' id='word_1_103' title='bbox 1281 2820 1364 2877; x_wconf 89' lang='lat' dir='ltr'>certo</span> 
     </span>
     <span class='ocr_line' id='line_1_15' title="bbox 343 2924 1367 3015; baseline 0.004 -27"><span class='ocrx_word' id='word_1_104' title='bbox 343 2932 465 3011; x_wconf 89' lang='lat' dir='ltr'>tempus</span> <span class='ocrx_word' id='word_1_105' title='bbox 496 2924 635 2992; x_wconf 87' lang='lat' dir='ltr'>definias.</span> <span class='ocrx_word' id='word_1_106' title='bbox 681 2927 815 3009; x_wconf 82' lang='lat' dir='ltr'>Tamen,</span> <span class='ocrx_word' id='word_1_107' title='bbox 852 2951 950 3013; x_wconf 90' lang='lat' dir='ltr'>quum</span> <span class='ocrx_word' id='word_1_108' title='bbox 986 2928 1180 3015; x_wconf 71' lang='lat' dir='ltr'>Olympiadis</span> <span class='ocrx_word' id='word_1_109' title='bbox 1211 2927 1367 2993; x_wconf 80' lang='lat' dir='ltr'><strong>LXXVII</strong></span> 
     </span>
     <span class='ocr_line' id='line_1_16' title="bbox 344 3044 1369 3133; baseline 0.004 -26"><span class='ocrx_word' id='word_1_110' title='bbox 344 3044 422 3109; x_wconf 86' lang='lat' dir='ltr'>ratio</span> <span class='ocrx_word' id='word_1_111' title='bbox 444 3066 507 3108; x_wconf 89' lang='lat' dir='ltr'>non</span> <span class='ocrx_word' id='word_1_112' title='bbox 531 3044 695 3125; x_wconf 87' lang='lat' dir='ltr'>reddatur,</span> <span class='ocrx_word' id='word_1_113' title='bbox 720 3046 913 3133; x_wconf 72' lang='lat' dir='ltr'>Olympiadis</span> <span class='ocrx_word' id='word_1_114' title='bbox 937 3069 1009 3111; x_wconf 87' lang='lat' dir='ltr'>vero</span> <span class='ocrx_word' id='word_1_115' title='bbox 1032 3046 1172 3111; x_wconf 84' lang='lat' dir='ltr'><strong>LXXVI</strong></span> <span class='ocrx_word' id='word_1_116' title='bbox 1195 3048 1274 3111; x_wconf 87' lang='lat' dir='ltr'>ratio</span> <span class='ocrx_word' id='word_1_117' title='bbox 1302 3045 1369 3111; x_wconf 91' lang='lat' dir='ltr'>red·</span> 
     </span>
     <span class='ocr_line' id='line_1_17' title="bbox 343 3160 1368 3250; baseline 0.004 -25"><span class='ocrx_word' id='word_1_118' title='bbox 343 3160 454 3247; x_wconf 84' lang='lat' dir='ltr'>datur,</span> <span class='ocrx_word' id='word_1_119' title='bbox 479 3183 541 3226; x_wconf 92' lang='lat' dir='ltr'>non</span> <span class='ocrx_word' id='word_1_120' title='bbox 565 3162 690 3247; x_wconf 89' lang='lat' dir='ltr'>quidem</span> <span class='ocrx_word' id='word_1_121' title='bbox 714 3186 792 3248; x_wconf 89' lang='lat' dir='ltr'>quae</span> <span class='ocrx_word' id='word_1_122' title='bbox 816 3163 854 3228; x_wconf 90' lang='lat' dir='ltr'>ad</span> <span class='ocrx_word' id='word_1_123' title='bbox 871 3165 1015 3229; x_wconf 82' lang='lat' dir='ltr'>carminis</span> <span class='ocrx_word' id='word_1_124' title='bbox 1032 3165 1269 3249; x_wconf 75' lang='lat' dir='ltr'>intelligentiam</span> <span class='ocrx_word' id='word_1_125' title='bbox 1285 3187 1368 3250; x_wconf 81' lang='lat' dir='ltr'>mag·</span> 
     </span>
     <span class='ocr_line' id='line_1_18' title="bbox 346 3280 1368 3366; baseline 0.003 -24"><span class='ocrx_word' id='word_1_126' title='bbox 346 3301 458 3365; x_wconf 86' lang='lat' dir='ltr'>nopere</span> <span class='ocrx_word' id='word_1_127' title='bbox 490 3280 660 3366; x_wconf 88' lang='lat' dir='ltr'>pertineat,</span> <span class='ocrx_word' id='word_1_128' title='bbox 692 3290 729 3345; x_wconf 90' lang='lat' dir='ltr'>ut</span> <span class='ocrx_word' id='word_1_129' title='bbox 761 3303 817 3345; x_wconf 89' lang='lat' dir='ltr'>suo</span> <span class='ocrx_word' id='word_1_130' title='bbox 849 3282 917 3345; x_wconf 91' lang='lat' dir='ltr'>loco</span> <span class='ocrx_word' id='word_1_131' title='bbox 941 3281 981 3346; x_wconf 82' lang='lat' dir='ltr'>ad</span> <span class='ocrx_word' id='word_1_132' title='bbox 1005 3305 1038 3345; x_wconf 89' lang='grc' dir='ltr'>νε</span> <span class='ocrx_word' id='word_1_133' title='bbox 1068 3284 1132 3345; x_wconf 91' lang='grc'>168</span> <span class='ocrx_word' id='word_1_134' title='bbox 1156 3283 1368 3360; x_wconf 84' lang='lat' dir='ltr'>monebimus,</span> 
     </span>
     <span class='ocr_line' id='line_1_19' title="bbox 346 3396 1368 3482; baseline 0.002 -23"><span class='ocrx_word' id='word_1_135' title='bbox 346 3396 399 3460; x_wconf 90' lang='lat' dir='ltr'>sed</span> <span class='ocrx_word' id='word_1_136' title='bbox 439 3404 542 3461; x_wconf 87' lang='lat' dir='ltr'>tamen</span> <span class='ocrx_word' id='word_1_137' title='bbox 581 3419 660 3482; x_wconf 91' lang='lat' dir='ltr'>quae</span> <span class='ocrx_word' id='word_1_138' title='bbox 698 3398 932 3464; x_wconf 74' lang='lat' dir='ltr'>scholiastarum</span> <span class='ocrx_word' id='word_1_139' title='bbox 972 3398 1164 3482; x_wconf 85' lang='lat' dir='ltr'>diligentiam</span> <span class='ocrx_word' id='word_1_140' title='bbox 1203 3398 1368 3478; x_wconf 85' lang='lat' dir='ltr'>ostendat,</span> 
     </span>
     <span class='ocr_line' id='line_1_20' title="bbox 348 3514 1369 3603; baseline 0.002 -26"><span class='ocrx_word' id='word_1_141' title='bbox 348 3536 506 3598; x_wconf 89' lang='lat' dir='ltr'>quumque</span> <span class='ocrx_word' id='word_1_142' title='bbox 530 3514 591 3579; x_wconf 85' lang='lat' dir='ltr'>alia</span> <span class='ocrx_word' id='word_1_143' title='bbox 613 3538 704 3581; x_wconf 86' lang='lat' dir='ltr'>causa</span> <span class='ocrx_word' id='word_1_144' title='bbox 726 3538 788 3581; x_wconf 93' lang='lat' dir='ltr'>uon</span> <span class='ocrx_word' id='word_1_145' title='bbox 813 3516 871 3595; x_wconf 88' lang='lat' dir='ltr'>sit,</span> <span class='ocrx_word' id='word_1_146' title='bbox 900 3539 957 3580; x_wconf 89' lang='lat' dir='ltr'>our</span> <span class='ocrx_word' id='word_1_147' title='bbox 979 3516 1017 3581; x_wconf 91' lang='lat' dir='ltr'>de</span> <span class='ocrx_word' id='word_1_148' title='bbox 1041 3517 1106 3602; x_wconf 90' lang='lat' dir='ltr'>ejus</span> <span class='ocrx_word' id='word_1_149' title='bbox 1130 3516 1369 3603; x_wconf 85' lang='lat' dir='ltr'>computationis</span> 
     </span>
     <span class='ocr_line' id='line_1_21' title="bbox 348 3630 1371 3719; baseline 0.005 -26"><span class='ocrx_word' id='word_1_150' title='bbox 348 3632 476 3697; x_wconf 86' lang='lat' dir='ltr'>veritate</span> <span class='ocrx_word' id='word_1_151' title='bbox 498 3630 677 3711; x_wconf 86' lang='lat' dir='ltr'>dubitetur,</span> <span class='ocrx_word' id='word_1_152' title='bbox 699 3634 774 3699; x_wconf 83' lang='lat' dir='ltr'>satis</span> <span class='ocrx_word' id='word_1_153' title='bbox 794 3633 953 3719; x_wconf 89' lang='lat' dir='ltr'>probabile</span> <span class='ocrx_word' id='word_1_154' title='bbox 972 3656 1037 3698; x_wconf 91' lang='lat' dir='ltr'>esse</span> <span class='ocrx_word' id='word_1_155' title='bbox 1057 3634 1134 3699; x_wconf 90' lang='lat' dir='ltr'>mihi</span> <span class='ocrx_word' id='word_1_156' title='bbox 1155 3634 1293 3713; x_wconf 83' lang='lat' dir='ltr'>videtur,</span> <span class='ocrx_word' id='word_1_157' title='bbox 1311 3635 1371 3698; x_wconf 85' lang='lat' dir='ltr'>vio·</span> 
     </span>
     <span class='ocr_line' id='line_1_22' title="bbox 348 3748 1368 3837; baseline 0.004 -25"><span class='ocrx_word' id='word_1_158' title='bbox 348 3748 457 3813; x_wconf 87' lang='lat' dir='ltr'>teriam</span> <span class='ocrx_word' id='word_1_159' title='bbox 476 3748 556 3813; x_wconf 83' lang='lat' dir='ltr'>hano</span> <span class='ocrx_word' id='word_1_160' title='bbox 573 3749 723 3815; x_wconf 82' lang='lat' dir='ltr'>Theronis</span> <span class='ocrx_word' id='word_1_161' title='bbox 740 3751 916 3835; x_wconf 87' lang='lat' dir='ltr'>ponendam</span> <span class='ocrx_word' id='word_1_162' title='bbox 934 3773 999 3815; x_wconf 89' lang='lat' dir='ltr'>esse</span> <span class='ocrx_word' id='word_1_163' title='bbox 1017 3748 1202 3837; x_wconf 83' lang='lat' dir='ltr'>Olympiade</span> <span class='ocrx_word' id='word_1_164' title='bbox 1219 3750 1368 3816; x_wconf 83' lang='lat' dir='ltr'>LXXVI.</span> 
     </span>
    </p>

    <p class='ocr_par' dir='ltr' id='par_1_6' title="bbox 349 3867 1372 4548">
     <span class='ocr_line' id='line_1_23' title="bbox 394 3867 1369 3957; baseline 0.002 -26"><span class='ocrx_word' id='word_1_165' title='bbox 394 3867 468 3933; x_wconf 78' lang='lat' dir='ltr'>Fuit</span> <span class='ocrx_word' id='word_1_166' title='bbox 498 3868 598 3933; x_wconf 82' lang='lat' dir='ltr'>Thero</span> <span class='ocrx_word' id='word_1_167' title='bbox 631 3869 712 3933; x_wconf 86' lang='lat' dir='ltr'>filius</span> <span class='ocrx_word' id='word_1_168' title='bbox 743 3869 958 3948; x_wconf 84' lang='lat' dir='ltr'>Aenesidemi,</span> <span class='ocrx_word' id='word_1_169' title='bbox 991 3878 1025 3933; x_wconf 86' lang='lat' dir='ltr'>ut</span> <span class='ocrx_word' id='word_1_170' title='bbox 1057 3877 1185 3956; x_wconf 84' lang='lat' dir='ltr'>apparet</span> <span class='ocrx_word' id='word_1_171' title='bbox 1215 3892 1252 3935; x_wconf 86' lang='lat' dir='ltr'>ex</span> <span class='ocrx_word' id='word_1_172' title='bbox 1275 3870 1369 3957; x_wconf 78' lang='lat' dir='ltr'>liujus</span> 
     </span>
     <span class='ocr_line' id='line_1_24' title="bbox 349 3986 1372 4052; baseline 0.003 -3"><span class='ocrx_word' id='word_1_173' title='bbox 349 3986 491 4050; x_wconf 88' lang='lat' dir='ltr'>carminis</span> <span class='ocrx_word' id='word_1_174' title='bbox 523 4008 556 4050; x_wconf 88' lang='grc' dir='ltr'><strong>νε</strong></span> <span class='ocrx_word' id='word_1_175' title='bbox 587 3989 629 4049; x_wconf 80' lang='lat'>84</span> <span class='ocrx_word' id='word_1_176' title='bbox 660 3998 691 4051; x_wconf 90' lang='lat' dir='ltr'>et</span> <span class='ocrx_word' id='word_1_177' title='bbox 720 3986 770 4051; x_wconf 92' lang='lat' dir='ltr'>Ol.</span> <span class='ocrx_word' id='word_1_178' title='bbox 801 3986 854 4051; x_wconf 89' lang='lat' dir='ltr'>HI</span> <span class='ocrx_word' id='word_1_179' title='bbox 880 3989 941 4050; x_wconf 83' lang='lat'>15:</span> <span class='ocrx_word' id='word_1_180' title='bbox 971 3986 1051 4051; x_wconf 87' lang='lat' dir='ltr'>conf.</span> <span class='ocrx_word' id='word_1_181' title='bbox 1076 3986 1132 4051; x_wconf 91' lang='lat' dir='ltr'>Ist.</span> <span class='ocrx_word' id='word_1_182' title='bbox 1156 3986 1191 4051; x_wconf 90' lang='lat' dir='ltr'><strong>H</strong></span> <span class='ocrx_word' id='word_1_183' title='bbox 1215 3990 1275 4051; x_wconf 78' lang='lat'>42:</span> <span class='ocrx_word' id='word_1_184' title='bbox 1300 4010 1372 4052; x_wconf 90' lang='lat' dir='ltr'>con·</span> 
     </span>
     <span class='ocr_line' id='line_1_25' title="bbox 349 4103 1371 4190; baseline 0.003 -22"><span class='ocrx_word' id='word_1_185' title='bbox 349 4104 445 4190; x_wconf 85' lang='lat' dir='ltr'>spirat</span> <span class='ocrx_word' id='word_1_186' title='bbox 476 4103 654 4169; x_wconf 89' lang='lat' dir='ltr'>Herodotus</span> <span class='ocrx_word' id='word_1_187' title='bbox 686 4103 722 4169; x_wconf 89' lang='lat' dir='ltr'>L.</span> <span class='ocrx_word' id='word_1_188' title='bbox 752 4103 816 4171; x_wconf 84' lang='lat' dir='ltr'>VII</span> <span class='ocrx_word' id='word_1_189' title='bbox 842 4107 923 4185; x_wconf 90' lang='grc'><strong>165,</strong></span> <span class='ocrx_word' id='word_1_190' title='bbox 948 4104 1093 4189; x_wconf 87' lang='lat' dir='ltr'>idemque</span> <span class='ocrx_word' id='word_1_191' title='bbox 1119 4106 1371 4171; x_wconf 59' lang='grc'><strong>1511111611-</strong></span> 
     </span>
     <span class='ocr_line' id='line_1_26' title="bbox 350 4224 1368 4311; baseline 0.001 -22"><span class='ocrx_word' id='word_1_192' title='bbox 350 4246 435 4289; x_wconf 91' lang='lat' dir='ltr'>mum</span> <span class='ocrx_word' id='word_1_193' title='bbox 466 4224 601 4310; x_wconf 85' lang='lat' dir='ltr'>appellat</span> <span class='ocrx_word' id='word_1_194' title='bbox 629 4224 727 4289; x_wconf 87' lang='lat' dir='ltr'>filium</span> <span class='ocrx_word' id='word_1_195' title='bbox 750 4224 877 4290; x_wconf 89' lang='lat' dir='ltr'>Pataiei.</span> <span class='ocrx_word' id='word_1_196' title='bbox 923 4224 1067 4291; x_wconf 83' lang='lat' dir='ltr'>Refertur</span> <span class='ocrx_word' id='word_1_197' title='bbox 1091 4249 1242 4311; x_wconf 79' lang='lat' dir='ltr'>cogens,</span> <span class='ocrx_word' id='word_1_198' title='bbox 1268 4249 1301 4291; x_wconf 85' lang='lat' dir='ltr'>vs</span> <span class='ocrx_word' id='word_1_199' title='bbox 1328 4230 1368 4293; x_wconf 85' lang='grc'>76</span> 
     </span>
     <span class='ocr_line' id='line_1_27' title="bbox 351 4341 1371 4431; baseline 0.002 -24"><span class='ocrx_word' id='word_1_200' title='bbox 351 4350 382 4408; x_wconf 91' lang='lat' dir='ltr'>et</span> <span class='ocrx_word' id='word_1_201' title='bbox 414 4345 473 4421; x_wconf 80' lang='lat'>82,</span> <span class='ocrx_word' id='word_1_202' title='bbox 505 4341 544 4406; x_wconf 87' lang='lat' dir='ltr'>ad</span> <span class='ocrx_word' id='word_1_203' title='bbox 572 4342 817 4423; x_wconf 77' lang='lat' dir='ltr'>&#39;Phersandrum‚</span> <span class='ocrx_word' id='word_1_204' title='bbox 850 4342 1006 4429; x_wconf 90' lang='lat' dir='ltr'>Polynicis</span> <span class='ocrx_word' id='word_1_205' title='bbox 1029 4344 1138 4409; x_wconf 83' lang='lat' dir='ltr'>fllium.</span> <span class='ocrx_word' id='word_1_206' title='bbox 1185 4344 1371 4431; x_wconf 83' lang='lat' dir='ltr'>Appellatnr</span> 
     </span>
     <span class='ocr_line' id='line_1_28' title="bbox 352 4458 1368 4548; baseline 0.005 -25"><span class='ocrx_word' id='word_1_207' title='bbox 352 4467 454 4524; x_wconf 89' lang='lat' dir='ltr'>autern</span> <span class='ocrx_word' id='word_1_208' title='bbox 477 4482 552 4544; x_wconf 80' lang='lat' dir='ltr'>gens</span> <span class='ocrx_word' id='word_1_209' title='bbox 575 4458 826 4525; x_wconf 81' lang='lat' dir='ltr'>Emmenidarum</span> <span class='ocrx_word' id='word_1_210' title='bbox 851 4460 902 4526; x_wconf 91' lang='grc'><strong>01.</strong></span> <span class='ocrx_word' id='word_1_211' title='bbox 926 4459 980 4525; x_wconf 92' lang='grc' dir='ltr'>ΠΙ</span> <span class='ocrx_word' id='word_1_212' title='bbox 1004 4464 1064 4540; x_wconf 89' lang='grc'>68,</span> <span class='ocrx_word' id='word_1_213' title='bbox 1089 4463 1169 4527; x_wconf 85' lang='lat' dir='ltr'>conf.</span> <span class='ocrx_word' id='word_1_214' title='bbox 1194 4462 1249 4548; x_wconf 91' lang='lat' dir='ltr'>Py.</span> <span class='ocrx_word' id='word_1_215' title='bbox 1274 4460 1368 4528; x_wconf 73' lang='grc'><strong>115.</strong></span> 
     </span>
    </p>

    <p class='ocr_par' dir='ltr' id='par_1_7' title="bbox 1209 4585 1246 4639">
     <span class='ocr_line' id='line_1_29' title="bbox 1209 4585 1246 4639; baseline 0 0"><span class='ocrx_word' id='word_1_216' title='bbox 1209 4585 1246 4639; x_wconf 82' lang='grc'><strong>19</strong></span> 
     </span>
    </p>
   </div>
   <div class='ocr_carea' id='block_1_5' title="bbox 0 0 1889 5542">
    <p class='ocr_par' dir='ltr' id='par_1_8' title="bbox 0 0 1889 5542">
     <span class='ocr_line' id='line_1_30' title="bbox 0 0 1889 5542; baseline 0 0"><span class='ocrx_word' id='word_1_217' title='bbox 0 0 1889 5542; x_wconf 95' lang='lat' dir='ltr'> </span> 
     </span>
    </p>
   </div>
  </div>
 </body>
</html>
