3725 5542
982 742 1047 804 328

508 942 582 1018 fuir,
606 952 641 1005 ut
665 950 810 1006 memorab
832 941 1015 1019 Pausanias,
1039 940 1075 1004 L.
1097 940 1126 1004 X
1149 940 1185 1006 G.
1204 941 1230 1002 V
1252 946 1282 1004 4.
1318 944 1421 1026 Atque
1440 941 1515 1005 adeo

508 1060 539 1124 in
563 1061 679 1126 scholio
703 1061 741 1125 ad
766 1060 867 1146 Apoll.
892 1060 950 1124 Rh.
975 1060 1012 1125 L.
1033 1060 1066 1124 ΙΙ
1086 1085 1119 1124 vs
1139 1062 1203 1127 676
1224 1060 1357 1125 traditur
1377 1062 1517 1127 Mimas

507 1168 681 1265 scripsisse,
716 1202 784 1257 eos,
820 1180 874 1264 qui
907 1178 981 1243 olim
1014 1178 1202 1265 Hyperborei
1232 1180 1380 1257 fuissent,
1413 1191 1517 1266 ροοῑοο

506 1298 606 1363 dictos
629 1298 724 1363 luisse
747 1297 895 1384 Delphos.
1185 1286 1193 1306 .

552 1418 605 1480 30.
640 1418 734 1483 πιστοὶ
757 1418 889 1500 φρονέων.
923 1416 1012 1481 Conf.
1036 1417 1128 1481 Hom.
1152 1416 1192 1481 Π.
1215 1416 1243 1477 V
1267 1419 1329 1481 116
1348 1417 1429 1501 φίλον
1446 1426 1517 1497 <pra

507 1536 618 1603 νέουσαι.

550 1655 690 1737 πανδόκῳ.
714 1654 764 1719 01.
789 1654 806 1718 Ι
832 1656 893 1719 150
919 1654 1146 1736 πολυξενωτάτῳ
1171 1656 1254 1735 παρὰ
1275 1654 1378 1735 βωμῷ.

550 1776 603 1837 31.
638 1771 732 1840 ἆλσο.
768 1771 857 1837 Conl.
881 1772 932 1837 Ol.
957 1772 986 1833 V
1010 1777 1070 1851 24,
1097 1771 1149 1838 Ol.
1172 1772 1203 1836 X
1227 1776 1279 1837 53.
1326 1773 1434 1859 Ipsum
1462 1796 1513 1837 vo·

505 1890 649 1956 sabulum
672 1891 710 1956 ab
733 1890 829 1973 οἳλδω,
853 1892 998 1967 claboniam,
1029 1892 1051 1955 i.
1075 1914 1101 1956 e.
1125 1890 1223 1967 ιῦξω,
1246 1892 1429 1977 repetitum,
1453 1892 1513 1976 sig·

506 2010 606 2074 uilieal
644 2032 751 2074 nemus
785 2008 945 2074 arboribus
975 2011 1146 2088 consitum,
1177 2010 1355 2094 praesertim
1384 2033 1513 2074 sacrum.
1628 2001 1632 2016 ⁸

506 2128 573 2192 Hoc
601 2128 668 2192 loeo
697 2127 839 2192 nonnulli
862 2126 980 2191 dictum
1002 2136 1113 2213 putant
1135 2127 1254 2205 locum,
1278 2128 1332 2211 qui
1355 2127 1445 2191 lucus
1468 2127 1514 2193 lu·

505 2254 593 2311 turus
623 2256 705 2325 erat,
736 2246 836 2311 adhue
860 2246 980 2323 nudus,
1004 2252 1214 2327 προλνπνκῶς.
1261 2244 1378 2309 Verum
1400 2246 1515 2330 signifi·

505 2367 585 2431 calio
621 2366 709 2429 facile
743 2366 865 2429 uansiit
895 2364 933 2429 ad
965 2365 1066 2429 locum
1096 2386 1234 2443 mum,
1258 2364 1417 2429 arboribus
1440 2365 1513 2430 lieet

504 2492 670 2549 carentem:
693 2486 797 2568 iraque
820 2484 877 2549 hoe
900 2484 967 2547 loeo
991 2484 1125 2569 ponitur.
1162 2482 1272 2548 Strabo
1292 2482 1329 2547 L.
1352 2483 1401 2547 IX
1425 2484 1461 2548 C.
1478 2484 1512 2548 Π

505 2627 534 2688 p.
559 2606 639 2667 412:
670 2605 694 2668 ol
717 2604 746 2668 δὲ
768 2604 885 2679 ποιηταὶ
908 2609 1077 2681 κοσμοῦσιν,
1103 2604 1182 2676 ἄλση
1205 2610 1362 2675 καλοῦντες
1384 2605 1426 2669 τοὶ
1449 2606 1511 2685 ἱερὰ

505 2722 620 2805 πάντα,
644 2722 699 2787 κᾶν
722 2720 739 2802 V
761 2722 856 2802 ψολοὶι
881 2729 912 2785 et
934 2722 1107 2807 exemplum
1129 2722 1214 2786 aliud
1234 2744 1271 2786 ex
1290 2722 1357 2807 ipso
1377 2722 1510 2787 Pindaro

505 2841 607 2918 affert,
632 2840 670 2904 de
690 2840 850 2925 Apolline:

558 2960 608 3024 nal
631 2960 746 3039 μυχοὺς
769 2958 924 3024 δοάσσατο
946 2960 1133 3037 βαλλόμενος
1155 2960 1302 3037 κρηπῖδος
1325 2956 1448 3024 ἄλοεων.

507 3077 600 3158 Quod
623 3079 655 3141 in
678 3078 855 3163 fragmentis
878 3088 1034 3163 receptum
1058 3088 1112 3142 est.
1156 3077 1301 3164 Respexit
1325 3076 1512 3156 Homerum,

507 3196 595 3262 Iliad.
621 3196 743 3261 [1506

609 3316 790 3396 Ὀγχηστόν
812 3312 835 3379 θ’
858 3315 947 3395 ἱερὸν,
970 3292 1119 3390 metalla
1140 3316 1258 3393 ἀγλαὸν
1280 3315 1389 3387 ἄλσος·

504 3442 534 3497 el
558 3444 675 3510 mmeu,
700 3442 734 3496 ut
758 3440 880 3509 mouet,
900 3434 1079 3513 Ὀγχηστόν
1102 3437 1163 3498 ἐστι
1186 3438 1289 3514 ψιλὸς,
1314 3433 1391 3513 ἔχων
1413 3444 1512 3497 Ποσει·

503 3552 585 3623 roro.-
608 3552 695 3632 ἱερὸν,
718 3552 767 3616 καὶ
791 3553 864 3617 οὐτὸ
885 3552 982 3631 ψιλόν.
1018 3550 1107 3617 Idem
1128 3574 1165 3615 er
1185 3551 1321 3617 Homero
1340 3551 1512 3636 exemplum

505 3670 629 3734 affertur
652 3668 709 3733 hoo
732 3669 859 3734 Pindari
882 3670 950 3733 loeo
973 3693 991 3733 a
1013 3670 1195 3734 scholiastis.
1231 3668 1403 3734 Scholiasta
1425 3678 1512 3732 vetus

504 3786 542 3851 ad
567 3785 616 3851 Ol.
642 3784 669 3848 V
694 3790 735 3849 24
767 3790 832 3860 τοὺς
862 3789 951 3867 ἱεροὺς
981 3790 1131 3865 anatarbe
1159 3790 1238 3863 νἰλοη
1261 3788 1373 3853 εἰώθασι
1396 3788 1511 3864 birra:

505 3908 589 3993 quod
613 3916 715 3971 tamen
739 3908 866 3973 nonita
889 3908 1115 3973 admittendum
1138 3919 1194 3973 est.

550 4029 602 4090 31.
626 4027 740 4107 οκννιρόν
758 4052 792 4091 τε
811 4026 965 4107 perarua.
990 4026 1207 4093 Vetustissima
1222 4029 1281 4092 fuit
1297 4028 1439 4092 Eleorum
1454 4034 1514 4090 tra·

505 4145 597 4221 ditio,
622 4144 660 4209 ab
685 4144 888 4229 Hyperboreis
910 4145 1074 4210 Herculem
1097 4147 1241 4231 petivisse
1256 4145 1379 4223 olivam,
1401 4154 1438 4209 ut
1449 4146 1511 4231 jam

505 4261 674 4327 secuudum
692 4262 874 4327 Pausaniam
891 4266 1123 4329 memoravimus
1138 4265 1177 4328 ad
1193 4288 1226 4327 vs
1240 4267 1296 4327 25.
1319 4264 1435 4327 Istrum
1447 4264 1511 4348 jam

507 4374 609 4444 Poeta*
624 4380 788 4465 appellavit
811 4382 989 4447 umbrosum
1013 4407 1046 4446 vs
1070 4386 1126 4446 25:
1151 4406 1206 4447 nec
1226 4392 1347 4447 tantum
1365 4382 1446 4445 oliva
1466 4405 1512 4445 re·

496 4522 574 4597 vrum
594 4498 685 4563 oliam
705 4499 790 4565 lauro
810 4499 863 4565 illa
884 4500 950 4566 loos
970 4502 1053 4567 luere
1068 4502 1246 4588 conspicua:
1267 4499 1335 4565 ride
1351 4500 1404 4586 Py.
1422 4500 1451 4564 X
1467 4502 1509 4564 61
